1928 2954
152 188 429 254 ANTIQVITATVM
443 187 578 241 Rom.
604 189 667 241 Lm.
683 189 730 242 XI·
775 192 824 250 177

58 298 107 350 τοῦ
119 293 202 367 μηδὲν
222 293 260 349 ἔτι
277 292 424 350 δεδοικέναι
442 296 503 360 τοῖς
522 290 672 368 ἡγεμόνας,
698 290 823 351 αὐθαδέ-

58 398 153 453 στερον
167 373 256 433 αὐτῶν
270 379 440 446 καθήπτετο,
462 381 597 451 λυμεῶνας
622 380 667 435 καί
690 375 823 452 ὀλέθρους

58 467 105 530 τῆς
124 461 252 534 πατρίδος
276 459 434 533 ἀποκαλῶν,
461 460 507 519 καί
520 466 661 538 παραινῶν
672 467 730 526 τοῖς
742 466 822 532 λοχα-

57 551 118 620 γοῖς
132 544 234 600 ἀπασιν
248 541 400 620 ἀραμένους
419 547 452 601 τοί
477 551 574 619 σημεῖα
595 548 688 603 οίκαδε
708 544 823 617 ἀπιίγειν

59 632 107 696 τὴν
134 631 272 700 στρατιοίν.
297 627 483 704 ἀρ’ῥοδοίιντων
504 627 534 686 δ’
553 632 593 687 ἔτι
607 635 658 687 τῶν
672 633 777 686 πολλῶν
791 634 824 688 τά

59 714 117 789 ἱεροί
133 717 231 785 σημεῖα
251 717 349 781 κινεῖν,
377 714 466 770 ἔπειτα
480 715 542 779 τοὺς
557 711 688 789 ἡγεμόνας
701 715 747 770 καί
762 716 824 778 τούς

58 799 228 872 στρατηγοὺς
241 800 406 869 καταλιπεῖν,
422 794 484 854 οὕτε
500 794 591 865 ὅσιον,
622 795 679 856 οὔτ’
695 796 822 869 ἀσφαλὲς,

59 878 127 937 εἶναι
155 884 315 953 νομιζόντων
342 886 397 946 τοῖς
420 884 520 938 πᾶσιν·
541 877 558 938 ὅ
583 904 609 939 τε
636 887 689 958 γάρ
715 882 824 957 δρκοςδ

59 968 263 1040 στρατιωτικὸς,
279 961 309 1022 ὃν
330 964 456 1023 ἀπάντων
468 968 587 1039 μάλιστα
605 968 750 1041 ἐμπεδοῦσι
765 973 822 1022 Ῥω-

58 1053 150 1122 μαῖοι,
179 1053 236 1114 τοῖς
259 1055 419 1125 στρατηγοῖς
444 1050 609 1108 ἀκολουθεῖν
633 1052 731 1108 κελειίει
757 1052 819 1114 τοὺς

57 1139 301 1209 στρατευομένους,
330 1131 396 1192 δ’ποι
419 1132 480 1190 ποτ’
494 1133 529 1189 ἀν
543 1132 657 1207 ἀγωσιν·
672 1132 688 1190 δ
702 1155 729 1189 τε
743 1138 823 1204 νόμος

59 1217 226 1275 ἀποκτείνειν
257 1217 336 1273 ἔδωκε
368 1223 424 1281 τοῖς
449 1215 577 1292 ἡγεμόσιν
610 1221 732 1284 ἐξουσίαν
761 1219 822 1281 τοῖς

58 1299 254 1364 ἀπειθοῦντας,
283 1299 300 1369 ἢ
319 1305 353 1357 τοί
367 1306 463 1370 σημεῖα
477 1305 682 1369 καταλιπόντας,
699 1300 819 1376 ἀκρίτως.

57 1389 143 1440 ταῦτα
157 1382 188 1439 δι’
203 1381 342 1455 εὐλαβείας
356 1381 454 1449 αὐτοὺς
466 1385 573 1454 ἔχοντας
582 1387 651 1459 δρῶν
661 1383 818 1457 Οὗεργίνιος,

56 1470 208 1535 ἐδίδασκεν,
238 1465 278 1522 ὅτι
302 1472 408 1524 λε’λυκεν
434 1465 523 1524 αὗτῶν
542 1473 588 1525 τόν
602 1466 683 1545 ὅρκον
702 1471 719 1525 ό
733 1473 821 1542 νόμος,

57 1554 147 1618 ἐπειδή]
176 1555 247 1624 νόμῳ
272 1555 319 1622 μὲν
345 1552 543 1622 ἀποδειχθέντα
559 1555 598 1609 δεῖ
610 1557 659 1610 τόν
671 1555 820 1628 στρατηγὸν

56 1634 148 1709 ἀργειν
162 1641 213 1691 τῶν
228 1635 396 1708 δυνάμεωυ,ἡ
413 1638 441 1693 δὲ
453 1641 505 1693 τῶν
519 1639 581 1693 δέκα
595 1637 700 1709 ἀνδρῶν
714 1640 820 1694 ε’ἕουσία

57 1724 213 1794 παράνομος
226 1709 266 1787 ἦν,
285 1719 476 1793 ὑπερβαλοῦσα
495 1725 542 1778 τόν
555 1723 691 1779 ἐνιαύσιον
710 1724 817 1794 χρόνον,

58 1805 93 1868 εἷς
107 1801 137 1860 δν
151 1804 309 1873 ἀπεδείχθη.
325 1808 355 1860 τὸ
371 1808 399 1860 δὲ
414 1812 471 1869 τοῖς
483 1808 520 1878 μὴ
535 1811 603 1862 κατιί
618 1809 701 1876 νόμον
715 1802 818 1881 ἀρχου-

57 1912 84 1945 σι
99 1893 228 1944 ποιεῖντὸ
244 1892 429 1965 κελευόμενον,
458 1887 506 1946 οὗκ
521 1889 678 1946 εὐπείθειαν
692 1885 818 1945 εἶναικαὶ

57 1971 202 2045 εὐσέβειαν,
218 1970 275 2027 ἀλλ’
296 1969 393 2030 ἀνοιαν
407 1975 453 2028 καὶ
465 1976 573 2046 μανίαν.
586 1970 662 2029 ταῦτ’
677 1973 819 2028 ἀκούσαν-

57 2078 104 2121 τες,
121 2053 212 2125 ὀρθῶς
225 2060 354 2128 λέγεσθαι
379 2054 532 2129 ἦγοὺμενοι,
547 2058 592 2112 καί
606 2059 818 2128 παρακελευόμε-

57 2161 98 2195 νοι
113 2137 248 2206 ἀλλήλαις,
276 2143 322 2195 καί
338 2163 363 2194 τι
377 2141 423 2195 καί
447 2145 553 2214 θοίρσος
566 2145 594 2196 ἐκ
608 2143 657 2194 τοῖν
675 2140 818 2211 δαιμονίου

57 2225 192 2294 λαβόντες,
206 2225 330 2291 αἴρονται
344 2228 377 2277 ταὶ
392 2228 486 2294 σημεῖα
495 2268 502 2295 ,
530 2225 574 2279 καί
588 2228 711 2298 προῆγον
725 2225 752 2279 ἐκ
768 2227 816 2279 τοῦ

55 2310 179 2380 γάρακος.
195 2306 300 2377 ἔμελλον
315 2304 353 2379 δ’,
368 2304 433 2379 ὅπερ
447 2308 515 2371 εῖκός
529 2314 556 2364 ἐν
572 2309 704 2371 ποικίλοις
717 2307 737 2361 τ’
752 2304 816 2374 ἤθε-

57 2412 91 2454 σι,
108 2392 154 2445 καί
177 2387 226 2458 οὐχ
240 2387 329 2447 ἀπασι
344 2395 376 2445 ταί
390 2395 520 2465 κριίτιστα
536 2393 747 2463 διανοουμένοις,
763 2392 817 2447 ἔσε-

56 2477 127 2530 σθαί
140 2495 206 2536 τινες
225 2473 251 2528 οἱ
276 2478 397 2547 μένοντες
423 2472 480 2550 ἀμα
507 2481 564 2540 τοῖς
589 2477 744 2548 όλιγάρχαις
771 2476 817 2531 καί

56 2561 215 2631 στρατιῶται
230 2559 276 2612 καί
289 2558 411 2635 λοχαγοί,
440 2563 507 2628 πλὴν
519 2556 551 2618 οὗ
565 2564 697 2618 τοσοῖιται
709 2562 743 2614 τί)
756 2563 825 2620 πῶς·

49 2648 108 2700 θος,
132 2638 328 2707 ἀλλ’όλοίττους
356 2649 433 2721 παρὰ
458 2649 532 2707 πολὺ
549 2651 603 2704 τῶν
631 2647 745 2719 ὶτίρων.
774 2630 844 2690 ow

71 2718 187 2771 Dmm.
210 2725 240 2771 T,
262 2727 307 2776 W,
648 2728 686 2776 m
