1928 2954
148 200 428 268 τσττρνιτεττσσ
441 202 577 254 nomn.
592 202 726 256 τακτιτ
774 207 808 265 ,ςτ

110 301 265 363 XXXVH.
290 307 371 362 Μετὰ
388 308 470 361 τοτἰτσ
489 304 577 377 οἱμὲν
590 303 702 373 ὕπατοι,
720 329 807 364 συνα-

66 392 236 466 τγόντεςτήν
247 392 357 462 βουλήν,
373 391 506 446 ίσκόπουν
525 386 567 459 ἐφ’
583 387 705 460 ἡσυχίας,
724 395 763 458 τίς
774 391 808 447 ἂν

66 478 156 544 ἕτητσι
168 476 217 542 τῆς
226 473 364 549 παρούσης
376 477 492 548 ταραχῆς
504 475 586 539 λε’·σις.
600 476 648 532 καί
660 475 745 533 ἔδοξεν
758 475 805 533 αὗ-

66 563 101 626 ιῖς
125 560 233 633 πρῶτον
256 561 305 631 μὲν
333 557 559 634 ἀποθεραπεῦσαι
584 560 647 624 τούς
679 559 807 631 όημότας,

66 641 161 707 ίίινους
173 645 248 698 ποίνυ
261 645 309 700 καί
323 647 464 707 λυσιτελεῖς
477 645 644 713 ποιήσαντας
657 641 750 710 αὐτοῖς
762 649 809 708 τοὶς

66 730 162 802 γοριίς·
188 727 280 784 ἔπειτα
295 727 403 785 πείθειν
416 728 479 792 τοὺς
496 730 695 801 προεστηκότας
710 726 807 794 αότῶν,

66 815 134 886 τίριτι
144 817 191 883 τῆς
202 814 305 884 βουλῆς
318 813 495 878 παύσασθαι,
508 813 552 869 καί
565 814 603 886 μή
617 815 749 887 παράγειν
763 814 809 870 τόν

66 899 182 971 ίτίρκιον.
197 893 220 953 εί
243 898 271 953 όὲ
288 898 326 972 μή
339 898 472 970 πείθοιεν,
486 895 522 961 είς
539 900 722 972 μακροτάτους
735 895 804 954 dra«

66 983 195 1038 α’λλεσθαι
218 984 350 1057 χρόνους,
378 979 424 1046 ἕως
448 977 482 1036 όν
506 985 684 1054 μαρανθῶσιν
707 981 736 1038 αἶ
754 985 806 1039 τῶν

66 1069 146 1123 σλλῶν
158 1063 249 1141 όργαί.
263 1069 351 1123 ταῦτα
365 1067 560 1139 ψηφισάμενοι,
573 1071 604 1122 τό
617 1069 666 1140 μὲν
680 1067 746 1142 ὑπὲρ
758 1072 805 1137 τής

66 1152 143 1227 χσρᾶς
156 1151 245 1224 όόγμα
265 1148 302 1214 είς
315 1153 362 1206 τόν
376 1149 461 1222 όήμον
474 1151 623 1226 ἐξήνεγκαν,
639 1152 685 1207 καί
698 1153 804 1208 πόντων

66 1236 254 1309 ιαινεστίντων,
269 1235 416 1310 ἐκύρωσαν.
442 1223 474 1302 ήν
488 1235 517 1290 όὲ
534 1235 652 1291 τσιόνόε·
675 1278 693 1307 ,,
703 1237 757 1301 Τσίς
769 1257 805 1292 τι·

66 1324 116 1390 μιὶς
128 1314 200 1377 εἶναι
216 1323 270 1377 τῶν
288 1315 374 1376 &rim
393 1321 446 1373 τῶν
463 1321 530 1392 πρός
547 1322 595 1375 τόν
612 1315 679 1375 καθ’
707 1315 806 1395 ήμὲροιν

66 1407 124 1460 όίον
142 1401 310 1478 ἀναγκαίων,
338 1403 437 1466 αίτινες
458 1406 581 1473 ἐγένοντο
599 1407 734 1474 ἐλάχισται
753 1406 804 1478 πρό

66 1493 106 1556 ιής
125 1492 260 1559 ἐμφυλίου
279 1489 423 1550 στοίσεως.“
453 1490 527 1560 παριί
545 1489 573 1544 όὲ
591 1491 642 1544 τῶν
664 1490 803 1564 όημιίρχων

66 1575 127 1628 σλλιί
140 1574 349 1645 λιπαρήσαντες,
368 1573 414 1636 τήν
427 1574 474 1642 μὲν
489 1573 616 1645 ὁλοσχερῆ
632 1571 805 1645 πσίρεσινοόχ

66 1653 167 1731 ίροντο,
181 1660 231 1726 τήν,
244 1653 270 1712 θ’
288 1654 325 1720 είς
334 1657 441 1728 χρόνον,
470 1652 535 1712 ὅσον
549 1656 650 1728 ήξίσυν,
666 1656 803 1728 σίναιλσλήν

66 1744 152 1814 αβον·
168 1739 247 1796 αὐτοί
259 1763 287 1796 τε
301 1742 572 1812 προσεμηχανήσαντο
590 1742 730 1816 διατριβήν
743 1745 803 1798 ἐτί-

66 1847 98 1893 ιν,
118 1824 232 1899 ἀφορμῇ
249 1825 342 1898 τσιᾷόε
358 1827 527 1898 χρησόμενοι.
552 1826 615 1890 τοὺς
635 1830 662 1881 ίκ
680 1829 804 1891 Σικελίας

66 1913 239 1972 τοσταλὲντας
254 1909 307 1965 ὑπό
321 1912 369 1965 τοῦ
389 1913 522 1982 τυριίννου
537 1914 671 1984 πρέσβεις,
690 1912 735 1967 καί
748 1934 801 1967 πα·

66 1997 241 2067 κομίσαντας
253 1997 289 2066 τῷ
306 1994 380 2066 όήμῳ
392 1997 440 2061 τήν
454 1997 501 2049 τοῦ
514 1996 591 2050 σίτου
605 1997 713 2068 όωρειίν,
729 1992 802 2050 ιίπυ-

66 2084 168 2143 λέοντας
182 2079 282 2143 οίκαόε,
306 2073 440 2133 Ἀντιάται
458 2080 629 2154 πειρατήριον
649 2083 801 2145 στείλαντες,

66 2166 207 2238 ιτήγαγον,
237 2160 455 2225 υίπσσαλεόοντας
467 2161 499 2220 οὗ
515 2166 606 2236 πρόσω
619 2165 669 2217 τῶν
683 2164 801 2232 λιμίνιον,

66 2250 84 2305 ιλ
96 2251 130 2305 τοί
146 2268 174 2304 τε
187 2248 314 2319 χρήματα
328 2244 429 2313 αὗτῶν,
457 2247 491 2311 ὧς
508 2248 653 2317 πολεμίων,
682 2241 716 2301 όί
736 2242 801 2316 ιῗιφε·

67 2334 108 2397 ίας
120 2334 229 2397 ἔθεντο,
256 2330 300 2386 καί
315 2334 347 2386 ui
366 2331 476 2402 σώματα
495 2333 711 2393 κατακλείσαντες
728 2324 801 2399 εἶχον

66 2418 197 2490 ’φυλακή
211 2419 299 2471 ταῦτα
311 2416 447 2486 μαθόντες
461 2415 488 2470 οἱ
501 2411 611 2480 ὕπατοι,
626 2413 716 2477 ἰῖσόον
729 2417 799 2488 ίιμη-

66 2502 152 2559 ίσαντο
173 2500 218 2556 εἰτί
236 2502 299 2560 τοὺς
319 2495 462 2564 Ἅντιοίτας,
476 2499 566 2566 ε’πειόή
580 2500 800 2573 πρεσβευομένοις

66 2582 128 2651 3ch
143 2582 224 2640 οὐδὲν
237 2581 328 2649 ἧξίιυν
341 2584 391 2635 τῶν
404 2582 517 2639 όιιιαίοιν
528 2589 635 2646 ποιεῖν·
662 2589 711 2652 καὶ
724 2612 810 2664 ποιη-

66 2670 134 2716 ’νενυι
148 2666 195 2714 τόν
208 2666 260 2714 τῶν
268 2667 299 2715 ε”ν
310 2663 390 2738 υἷκμρῇ
398 2675 569 2751 κατάλογον,
584 2676 705 2760 ἐξήισαν
722 2681 824 2767 λίψῑήί)

600 2745 619 2763 -.
