1928 2954
147 155 425 221 ANTlelTATVM
444 152 579 204 ROMAN.
601 153 664 203 ΗΒ.
684 153 731 205 ΧΙ.
794 161 842 217 157

78 259 257 330 ἀναίσχυντον
290 261 488 329 συκοφάντημα
517 260 673 324 πλάσαντα,
709 256 758 313 οὐκ
787 260 842 317 ἀπὸ

78 348 124 414 τῆς
139 346 238 400 ἑαυτοῦ
251 344 370 416 γνώμης,
400 340 467 397 ἀλλά
480 346 724 413 κατεσκευασμένον
740 340 783 399 ὕπ’
797 342 842 399 ἀνΙ

77 429 139 499 δρὸς
154 427 272 492 ἀπάσαις
286 424 409 498 οἰομένου
425 427 479 481 διῖν
493 430 551 491 ταῖς
560 429 721 498 ἐπιθυμίαις
734 431 761 481 ἐκ
777 450 843 483 παν-

77 516 121 575 τίς
136 515 241 585 τρόπον
254 514 421 585 χαρίζεσθαι.
449 512 497 578 τήν
524 512 572 580 μέν
599 500 649 566 οὖν
669 511 746 579 δίκην
761 509 843 567 αὑτὸν

76 597 128 669 ἔφη
143 599 189 651 τὸν
204 600 308 669 πατέρα
322 595 381 668 περί
401 599 445 663 ιής
464 597 605 667 θυγατρὸς
619 594 843 668 ἀπολογήσεσθαι

78 684 299 753 παραγενόμενον
328 678 382 735 ἀπὸ
397 683 442 747 ιής
455 681 595 751 στρατιᾶς·
622 682 670 745 τήν
684 680 712 735 δὲ
727 685 776 736 τοῦ
791 685 842 738 σώ-

77 787 161 837 ματος
173 763 354 833 ἀντιποίηαιν,
381 759 412 831 ήν
426 763 478 820 ἔδει
491 766 620 836 γενέσθαι
635 767 704 820 κατοί
717 766 780 829 τοὺς
794 770 843 822 νό-

77 871 155 922 μους,
169 847 251 912 αὐτός
264 851 422 914 ποιεῖσθαι,
450 852 527 911 θεῖος
541 845 576 903 ὢν
591 852 636 917 ιής
648 850 736 921 κόρης,
753 850 796 904 καί
812 853 843 906 τοὶ

80 935 171 990 δίκαια
187 933 308 1000 ὑπέχειν·
322 928 402 987 οὗδέν
416 930 509 1005 ἀξιῶν,
524 927 588 988 οὕτε
600 931 683 1004 ξένον,
700 929 760 987 ον’ίιε
776 929 791 988 δ
805 937 842 1005 μή

79 1019 124 1074 καί
140 1022 192 1081 τοῖς
207 1013 295 1080 ἀλλοις
312 1016 463 1072 έπιδίδοται
477 1012 617 1087 Ῥωμαίοις
631 1016 745 1083 δίκαιον,
761 1017 783 1072 εί
797 1018 844 1073 καί

80 1105 115 1172 αή
131 1105 211 1157 πάσιν
226 1101 391 1173 ἀνθρώποις,
406 1101 528 1171 σώματος
542 1100 577 1165 εἷς
592 1102 716 1156 δουλείαν
730 1107 755 1165 ἐξ
769 1108 843 1157 ἐλευ-

80 1190 174 1260 θερίας
189 1183 331 1258 ἀγομένου,
342 1187 378 1256 μή
394 1188 440 1239 τὸν
454 1183 656 1257 ἀφαιρούμενον
670 1187 718 1254 τήν
731 1191 842 1241 ἐλευθε-

81 1274 149 1344 ρίαν,
167 1268 233 1324 ἀλλά
249 1272 294 1324 τὸν
308 1271 489 1338 φυλάττοντα,
516 1267 609 1342 κύριον
624 1263 690 1323 εἶναι
705 1272 780 1340 μέχρι
796 1271 842 1324 δί-

81 1377 134 1422 κης.
149 1354 199 1422 έφη
214 1375 240 1407 ιε
256 1352 300 1408 διαί
313 1354 411 1413 πολλάς
426 1349 513 1416 αῗτίας
526 1353 672 1425 προσήκειν
685 1354 721 1424 τῷ
744 1350 842 1426 Ἀππίῳ

81 1440 223 1511 φυλάττειν
237 1440 317 1491 τοῦτο
333 1440 362 1491 τὸ
378 1436 498 1489 δίκαιον·
521 1439 626 1509 πρῶτον
651 1438 713 1507 μέν,
740 1434 779 1491 ὅτι
797 1440 843 1492 τὸν

82 1525 165 1591 νόμον
179 1523 276 1575 τοῦτον
290 1518 346 1589 ἅμα
373 1523 427 1583 τοῖς
439 1516 528 1581 ἀλλοις
553 1526 580 1573 έν
595 1523 652 1583 ιαῖς
667 1520 767 1576 δώδεκα
783 1523 843 1576 δέλ-

82 1627 135 1666 τοις
151 1603 314 1677 ἀνέγραψεν·
343 1599 439 1668 ἔπειθ’,
456 1598 497 1658 ὅτι
511 1607 556 1672 τής
572 1603 710 1675 δεκαρχίας
724 1602 843 1677 ἡγεμών·

82 1692 148 1759 πρὸς
162 1689 190 1743 δὲ
204 1690 326 1754 τούτοις,
355 1684 397 1741 ὅτι
409 1689 477 1759 μειά
492 1688 536 1754 τής
564 1686 696 1757 ὖπαιικής
723 1692 843 1754 ἐξουσίας

82 1775 127 1828 καί
141 1776 188 1839 τήν
204 1772 356 1845 δημαρχίαν
369 1773 551 1845 προσειλήφει,
577 1758 606 1838 ής
620 1768 688 1828 εἶναι
702 1776 844 1848 κριίτισιον

81 1859 166 1931 έργον,
181 1861 237 1919 τοῖς
250 1854 379 1913 ἀσθενέσι
397 1855 442 1911 καί
460 1857 566 1929 ἐρήμοις
579 1859 630 1910 τῶν
648 1862 762 1912 πολιτῶν
777 1863 844 1931 βοη-

82 1947 153 1997 θεῖν.
176 1939 252 2010 ήξίου
265 1962 292 1995 τε
308 1943 354 2008 τήν
369 1944 605 2011 καταπεφευγυῖαν
620 1939 660 1995 ἐπ’
678 1938 761 1996 αὐτὸν
775 1947 846 2011 έλεή·

83 2048 126 2081 σαι
141 2028 295 2098 παρθένον,
318 2027 416 2095 μητρὸς
434 2026 481 2094 μέν
496 2022 620 2094 ὄρφανήν
636 2013 721 2080 οίσαν
737 2026 774 2080 ἔτι
788 2030 845 2082 ποί-

83 2114 136 2177 λαι,
151 2111 252 2179 πατρὸς
272 2103 301 2161 δ’
318 2107 416 2181 έρημον
430 2113 457 2162 έν
473 2109 507 2179 τῷ
522 2110 578 2162 τότε
591 2112 685 2182 χρόνῳ,
701 2109 842 2166 κινδυνεύ-

81 2212 168 2248 ουσαν
189 2187 222 2246 οὖ
247 2193 391 2261 χρημάτων
418 2189 640 2265 ἀποστερηθῆναι
667 2198 843 2267 προγονικῶν,

82 2277 149 2331 ἀλλά
165 2275 210 2329 καί
225 2274 330 2347 ἀνδρὸς,
347 2276 391 2329 καί
406 2275 542 2347 πατρίδος,
557 2275 601 2330 καί
617 2270 632 2330 ίί
646 2278 754 2331 πάντων
766 2283 845 2353 μέγι-

81 2383 146 2415 οιον
163 2355 232 2413 εἶναι
247 2361 321 2413 δοκεῖ
335 2362 385 2411 τῶν
399 2356 579 2432 ἀνθρωπίνων
597 2360 719 2431 ἀγαθῶν,
737 2366 782 2429 τῆς
796 2365 844 2418 τοῖν

81 2445 204 2513 σώματος
216 2444 378 2516 ἐλευθερίας.
400 2441 636 2516 ἀνακλαυσάμενος
650 2445 678 2498 δέ
692 2447 738 2515 τήν
753 2442 842 2518 ὕβριν,

82 2528 115 2591 τίς
129 2528 162 2596 ήν
175 2529 276 2599 ἔμελλεν
298 2525 311 2596 ή
328 2532 391 2590 παῖς
405 2529 674 2601 παραδοθήσεσθαι,
701 2528 746 2583 καί
759 2531 845 2583 πολίω

77 2626 107 2664 εκ
124 2614 173 2664 τῶν
197 2613 340 2677 παρόντων
369 2617 481 2688 κινήσας
499 2613 596 2682 ἵλεον,
622 2613 754 2687 περὶτῶν
769 2610 874 2679 ὫΜὊ
