1928 2954
165 204 215 264 246
283 202 441 255 σιοατεσ
462 160 807 255 σιτισοαπεεεεαειε

164 310 393 384 παροξυνθέντες·
418 310 469 364 είτε
481 309 541 371 ταῖς
552 310 654 364 ἑαυτῶν
667 307 794 380 δυνάμεσι
817 309 928 371 πολλαῖς

166 387 261 458 οὔσαις
272 393 569 467 μεγαλοφρονήσαντες·
589 393 638 446 εἴτε
659 391 702 448 όιά
723 394 808 447 ταῦτα
827 392 926 459 πάντα,

165 478 290 546 πολεμεῖν
310 471 451 546 Ῥωμαίοις
464 475 619 548 διέγνωσαν.
633 474 679 529 καί
693 476 890 549 συναγαγόντες
903 478 929 536 ἐξ

165 558 272 626 ἁπάσης
284 561 425 620 πόλεως
395 580 443 628 την
456 560 580 627 νεότητα,
598 560 671 630 μέρει
688 561 737 629 μέν
751 577 802 611 τινι
821 560 867 626 τῆς
882 557 926 612 fiv-

165 644 265 713 νάμεως
289 641 333 696 ἐπὶ
359 642 406 706 τάς
428 637 557 713 Ἑρνίκων
577 661 603 696 τε
623 639 668 696 καί
693 641 819 696 Λατίνων
839 644 927 707 πόλεις

165 725 359 826 ἐρτράτευοαν
373 743 403 795 τη
393 722 449 778 δέ
462 719 585 797 λοτπῆ,“
567 746 583 794 η
598 719 741 792 πλείστη’
720 735 735 778 τ
757 711 790 790 ίην
803 723 849 778 καί
862 745 927 797 κρα·

166 808 249 876 τίστη,
265 807 327 870 τοὺς
344 806 390 861 ἐπὶ
402 809 447 872 τάς
466 809 556 870 πόλεις
568 809 643 879 σφῶν
662 801 774 876 ἥξοντας
800 807 928 876 δέχεσθαι

166 885 286 960 ἤμελλον.
306 892 392 944 ταῦτα
417 891 542 961 μαθοῦσι
558 885 699 962 Ῥωμαίοις
718 890 789 955 έόσξε
803 889 863 965 διχῇ
880 893 927 947 νέ-

165 994 224 1044 μειν
238 975 285 1039 τάς
298 973 428 1045 δυνάμεις,
443 973 489 1028 καί
501 995 533 1048 τη
521 975 595 1045 μέν
607 978 684 1048 ἑτέρᾳ
697 974 744 1044 τήν
759 969 885 1048 Ἑρνίκων
898 994 926 1029 τε

166 1056 211 1110 καί
236 1058 363 1113 Λατίνων
389 1056 434 1113 όιιί
459 1057 665 1129 φολακῆςίχειν,
692 1077 723 1131 τη
713 1055 853 1131 όέλτέρρι
878 1058 927 1126 τὴν

171 1134 347 1196 Οὗολσίισκων
365 1143 509 1210 λεηλατεῖν.

230 1219 391 1280 LXXXIV.
415 1226 676 1298 Διακληρωσαμένων
697 1221 725 1279 όί
745 1225 796 1277 τῶν
817 1221 927 1278 ὑπάτων

167 1309 213 1369 τός
228 1304 409 1376 δυνάμεις,
391 1327 425 1372 ως
438 1305 508 1362 ἔστιν
521 1303 613 1370 αὐτοῖς
625 1306 698 1374 ἔθος,
714 1308 745 1362 τό
757 1306 807 1379 μέν
817 1310 928 1361 ἐπικου-

167 1393 222 1462 ρεῖν
236 1391 328 1459 μέλλον
341 1392 397 1453 τοῖς
410 1392 560 1460 συμμάχοις
573 1393 725 1463 στράτευμα
739 1390 852 1444 Καίσων
870 1393 927 1445 Φά-

167 1475 226 1544 βιος
239 1473 387 1570 παρέλαβε·
410 1474 532 1547 θάτερον
547 1472 574 1527 όὲ
591 1472 742 1538 Λοίκιος”
728 1491 799 1540 εχων,
820 1471 864 1527 έπί
878 1475 928 1541 τήν

166 1549 301 1610 Αντιατῶυ
328 1542 376 1629 ίηγε
400 1556 485 1610 πόλιν.
511 1557 652 1630 γενόμενος
678 1557 706 1611 όέ
729 1555 845 1624 πλησίον
872 1558 926 1611 τῶν

165 1637 254 1736 ὀρέων,
267 1660 313 1692 και
303 1635 440 1693 κατιδὼν
451 1641 497 1702 τάς
511 1643 562 1694 τῶν
574 1639 704 1708 πολεμίων
718 1638 849 1710 δυνάμεις,
865 1641 928 1694 τότε

165 1723 212 1795 μέν
226 1718 574 1794 ἀντικατεστρατοπέδευσεν
584 1721 628 1776 ἐπί
640 1724 742 1792 λόφου·
757 1725 815 1785 ταῖς
829 1722 857 1777 όί
870 1726 928 1789 ἑξῆς

164 1801 274 1876 ἡμέροις
287 1806 408 1868 ἐξιόντων
421 1800 456 1869 είς
475 1806 505 1858 τό
522 1805 615 1862 πεόίον
629 1807 679 1860 τῶν
693 1806 826 1877 πολεμίων
836 1810 926 1877 θαμι-

165 1889 206 1965 νά,
221 1885 266 1941 καί
279 1890 502 1960 προκαλουμένων
515 1887 552 1952 είς
562 1891 657 1961 μάχην,
673 1885 751 1958 ἡνίκα
765 1892 809 1943 τόν
825 1885 924 1943 οἰκεῖον

165 1969 231 2037 ἔχειν
246 1972 340 2044 καιρόν
355 1969 548 2044 ὑπελάμβανεν,
569 1975 640 2044 ἐξῆγε
655 1973 700 2033 τάς
713 1971 851 2044 δυνάμεις·
878 1973 926 2027 καί

164 2051 227 2126 πρίν
240 2050 275 2114 είς
286 2057 376 2127 χεῖρας
401 2056 498 2119 ἐλθεῖν,
526 2056 691 2129 παρακλήσει
717 2075 744 2110 τι
769 2054 856 2128 πολλῇ
878 2056 925 2111 καί

163 2135 323 2192 ἐπικελεύσει
332 2138 510 2211 χρησάμενος,
531 2140 648 2193 ἐκέλευσε
662 2138 801 2210 σημαίνειν
821 2140 851 2193 τό
867 2160 922 2195 πο-

164 2221 283 2290 λεμικόν·
303 2219 347 2273 mik
367 2218 393 2273 σί
406 2224 567 2292 στρατιῶται
580 2221 611 2274 τό
630 2219 746 2288 σύνηθες
770 2218 924 2281 άλαλάξαν-

164 2323 211 2374 τες,
226 2301 329 2376 ἀθρόοι
342 2305 410 2356 κατά
423 2305 533 2370 σπείρας
550 2324 575 2358 τε
587 2303 631 2359 καί
651 2305 719 2359 κατά
736 2305 830 2372 λόγους
848 2307 924 2360 σαντ’·

163 2387 257 2456 βολον.
271 2384 305 2448 ὡς
319 2385 347 2440 de·
362 2390 407 2448 τάς
429 2389 524 2459 λόγχας
549 2386 595 2442 καί
614 2389 647 2442 τά
665 2389 781 2453 σαυνία,
803 2386 848 2442 καί
869 2385 922 2443 ὅσα

162 2462 231 2533 εἶχον
244 2469 387 2541 ἑ,κηβόλα
401 2471 577 2535 ἐξανάλωσαν,
606 2471 773 2542 σπασάμενοι
796 2473 831 2525 τά
858 2471 921 2541 ξίφη

149 2552 357 2627 συρρίάττουσιν
371 2551 528 2625 άλλὴλοις,’
518 2573 562 2660 ιρῃ
574 2554 677 2654 τόλμῃ
674 2574 703 2607 τε
721 2575 766 2608 και
757 2549 921 2628 ἐπιθυμία

137 2639 191 2690 τοῦ
205 2635 318 2716 άγσινσς
331 2645 467 2723 ἑκάτεροι
492 2639 644 2722 χρώμενοι·
667 2658 699 2704 ην
714 2655 753 2698 u
763 2632 930 2704 ww&
