1928 2954
149 192 184 249 54
269 184 429 237 DlONYSIl
447 181 795 235 HALICARNASSENsls

150 295 194 347 τόν
209 287 287 362 όχλον
306 290 350 348 ἐπί
363 292 426 357 τούς
436 288 480 353 έξω
494 292 635 364 πολέμους,
661 293 691 348 τό
707 291 734 347 δὲ
752 293 820 360 μττσί
835 294 920 348 τοῦτο

149 374 198 432 οὖν
217 374 314 450 ὀρθῶς.
342 377 402 434 δέον
422 377 476 449 γσίρ
496 369 596 438 αὐτοὺς
613 374 646 441 ῶς
663 382 691 431 ἐν
708 375 828 448 νοσυίσῃ
840 378 922 433 πόλει

148 464 267 536 μετρίαις
281 463 407 534 χρῆσθαι
434 462 492 523 ταῖς
518 463 732 533 στρατολογίαις,
758 459 802 515 ἐπί
820 461 921 535 τδβίρ

148 546 378 622 προσαναγκάζειν
392 545 454 608 τοὺς
468 539 654 608 ἀπειθοῦντας
666 548 833 621 ἐτράποντο,
853 541 920 599 οδττ

149 631 319 706 παραίτησιν,
349 625 411 685 οὔτε
430 630 590 702 συγγνώμην
605 625 693 684 οὗδενί
708 629 825 692 διδόντες
838 625 917 685 αδδε-

148 717 221 781 ωίαν,
249 711 316 768 ἄλλα
330 717 388 777 ταῖς
403 717 432 768 έκ
451 715 504 766 τῶν
522 716 610 784 νόμων
628 715 765 787 τιμωρίαις
786 714 822 776 εἴς
842 734 868 768 τε
883 716 919 770 τοί

148 799 259 870 σώματα
282 793 371 852 ου’τῶν
398 797 443 851 καὶ
469 798 515 860 τός
536 793 631 863 οὐσίας
652 800 751 871 πικρῶς
771 797 917 871 χρώμενοι,

149 885 234 937 ταῦτα
252 881 403 937 πσιοόντων
430 876 533 948 αὐτῶν,
561 878 689 956 ἀφορμήν
708 871 793 947 αὖθις
810 879 921 953 εἰλήφε-

149 988 200 1023 σαν
219 965 245 1019 οἶ
266 965 398 1038 δήμαρχοι
422 968 470 1020 τοῦ
491 964 659 1040 δημαγωγεῖν
681 972 714 1023 τοί
735 967 844 1034 πλήθη·
872 966 921 1024 καί

149 1052 345 1124 συναγαγόντες
369 1050 523 1117 ἐκκλησίαν,
546 1054 580 1105 τό
601 1047 627 1106 τ’
648 1046 716 1105 όλλα
735 1053 786 1105 τῶν
807 1049 921 1107 ὑπατων

149 1137 301 1211 κατεβόων,
329 1135 374 1190 καί
394 1129 436 1189 ὅτι
455 1135 569 1196 πολλοὺς
583 1138 634 1191 τ’ῶν
648 1137 762 1191 πολιτῶν
775 1135 921 1192 ἐκέλευσαν

149 1219 186 1284 τίς
204 1222 233 1275 τό
253 1220 434 1295 δεσμωτήριον
452 1214 567 1290 ἄπόγειν
586 1221 633 1288 τήν
657 1219 825 1292 δημαρχικήν
844 1223 921 1284 ἐξου·

149 1307 211 1361 σίαν
225 1307 483 1376 ἐπικαλεσαμένους·
508 1306 554 1373 τῆς
566 1325 594 1359 τέ
608 1305 802 1379 στρατολογίας
816 1301 922 1363 οἷπσλό·

149 1410 187 1443 ειν
203 1388 306 1460 ἔφασαν
327 1384 407 1445 αότσί
426 1387 458 1454 δή
476 1389 555 1458 μόνοι
574 1393 601 1444 ἐκ
615 1391 667 1443 τῶν
684 1391 773 1460 νόμων
792 1392 919 1453 ἐξουσίαν

152 1495 259 1540 ιχονιες.
274 1471 307 1536 ῶς
321 1469 348 1527 δ’
365 1468 442 1528 οῦδὲν
456 1475 605 1544 ἐπέραινον,
613 1469 668 1527 ἄλλ’
680 1477 921 1550 ἐπιστρεφεστέρας

150 1558 187 1612 ίτι
208 1561 254 1620 τός
273 1559 451 1631 καταγραφός
471 1557 559 1629 ἑώρων
577 1559 735 1630 γινομένας,
763 1556 850 1631 ἔργοις
868 1581 917 1614 κω·

150 1643 219 1713 λέων
233 1643 420 1710 ἐπεβιίλλοντο.
448 1639 621 1711 ιίμυνσμένων
640 1641 667 1695 δι’
687 1644 738 1695 τῶν
760 1641 868 1698 ὑπότων
884 1644 919 1716 τῶ

149 1729 239 1795 κρότοι
254 1728 298 1791 τῆς
313 1723 401 1797 ἀρχῆς,
429 1724 571 1796 ἐρεθισμοί
586 1746 651 1790 τινες
664 1730 784 1800 ἐγίνοντο
799 1727 845 1782 καί
855 1749 916 1796 χει-

148 1813 198 1880 ρῶν
212 1810 345 1879 ἐπιβολαί.
373 1810 565 1882 συνηγωνίζετο
581 1809 608 1864 δέ
628 1815 684 1874 τοῖς
703 1812 751 1881 μὲν
772 1808 916 1880 ὑπότυιςή

150 1897 199 1948 τῶν
213 1893 358 1967 πατρικίων
379 1894 481 1967 νεότης,
509 1896 565 1957 τοῖς
586 1894 624 1974 δέ·
636 1895 780 1969 δημάρχοις
800 1896 912 1964 όπένης

149 1979 192 2034 καί
207 1977 289 2051 σίργδς
303 1977 387 2046 ὄχλος.
414 1978 517 2047 ἐκείνην
529 1978 578 2050 μέν
593 1976 642 2034 οὖν
661 1981 707 2046 τήν
720 1977 822 2054 ἡμέραν
840 1985 916 2052 παριὶ

148 2064 216 2119 πολὺ
231 2062 365 2138 κρείττους
379 2064 501 2136 ἐγένοντο
520 2064 573 2117 τῶν
593 2062 733 2136 δημάρχων
751 2064 777 2118 σί
802 2059 914 2120 ὕπατοι.

148 2152 205 2212 ταῖς
219 2144 246 2201 δ’
266 2150 322 2216 ἑξῆς
336 2142 445 2221 ἡμέραις
460 2147 581 2212 πλείονος
594 2146 675 2214 ὄχλου
697 2148 855 2221 συρῤἑοντος
880 2147 915 2212 εἷς

148 2235 195 2300 τήν
221 2236 300 2288 πόλιν
326 2238 354 2286 ἐκ
381 2233 432 2286 τῶν
459 2230 556 2305 ιίγρῶν,
586 2231 708 2297 δόξαντες
732 2230 759 2287 οἶ
781 2231 915 2308 δήμαρχοι

148 2319 355 2393 προσειληφέναι
366 2320 442 2391 χεῖρα
462 2313 620 2386 α’ξιόμαγον,
648 2316 786 2385 ἐκκλησίας
799 2337 826 2370 τε
846 2339 915 2373 συν·

148 2405 212 2469 εγεῒς
230 2404 387 2466 ἐποιοῦντο,
415 2400 459 2454 καί
478 2401 539 2464 τούς
561 2398 692 2475 ὑπηρέτας
712 2402 797 2463 κακῶς
816 2400 914 2456 διακει-

142 2488 241 2557 μένους
260 2489 289 2541 ἐκ
309 2487 360 2538 τῶν
379 2485 485 2556 πληγῶν
503 2483 705 2549 ἐπεδείκνυσαν,
733 2484 781 2539 καί
799 2486 848 2553 τήν
867 2483 914 2559 οἷρ·

132 2574 187 2645 piu
207 2571 303 2652 ἐλέγου
331 2571 553 2648 ἀποθήσεσθαι,
578 2566 601 2626 ἐι
622 2572 660 2643 μή
678 2590 719 2631 τις
736 2565 827 2629 οἷσοῖς
840 2567 914 2624 ἔσται

125 2666 211 2742 παροί
229 2668 284 2726 τοῦ
303 2667 400 2747 δήμου
415 2665 555 2746 βοήθεια.
