1928 2954
101 210 134 263 66
219 200 381 254 DIONYSII
398 198 742 252 HALICARNASSENSIS

103 327 154 362 των
167 307 237 372 τινός
251 308 344 380 ψῆφον
356 302 516 362 ἀναδιδόναι
530 308 586 369 τοῖς
599 303 695 374 ύχλοις,
715 298 782 360 ὥστε
795 306 867 379 μηδέ

103 393 172 446 κατεῖ
193 391 244 447 τόν
257 386 342 446 ἄλλων
354 389 500 464 πατρικύων
511 391 560 444 τού
575 390 748 459 φαυλοτάτου
760 390 865 459 ταύτην

103 472 293 531 ἀποδεδόσθαι
310 475 357 542 την
376 475 510 538 ἐξουσόαν,
536 471 570 540 ἢν
588 469 602 541 η
621 474 705 544 βουλή
724 473 762 543 μη
776 476 867 545 ψηφό·

105 580 192 627 σηται.
216 557 344 628 ἦπεόλουν
370 578 410 625 τε,
439 551 504 611 δταν
523 559 618 611 ἐκεῖνον
633 557 727 628 ψῆφον
740 552 866 611 οῖναδοῖιικ

105 647 160 706 τοῖς
174 641 317 714 δημόταις,
343 637 422 697 αύτοῖ
434 642 468 696 τοῖ
481 635 551 695 δπλα
564 640 722 711 περιθήσειν
737 643 794 701 τοῖς
806 662 866 697 ποτ’

104 726 219 802 τρικύσις.
246 724 374 781 τοιούτων
393 725 420 780 δέ
433 727 568 798 ῥηθέντων
580 724 665 794 λόχων
679 717 713 777 δι’
728 717 791 792 δλης
802 719 866 797 ἦμένΙ

103 830 166 882 ρας,
193 803 272 862 οὐδέν
290 808 423 882 ἐξήνεγκεν
435 803 452 876 ἡ
465 809 553 879 βουλὴ
566 809 650 870 τέλος,
679 804 723 859 ῖνα
738 807 803 878 μήτε
816 810 866 876 τήν

104 895 154 946 τῶν
170 891 275 946 ύποῖταν
288 889 371 965 οῖρχήν
388 890 507 962 μειώσειν
512 932 521 956 ,
545 891 611 962 μήτε
628 890 676 956 τήν
690 890 741 946 τῶν
755 889 866 966 δημοῖρ-

104 994 169 1044 χων,
199 975 322 1048 ἑκάτερον
350 975 440 1047 δρῶσα
466 975 584 1046 μεχοῖλοιν
614 972 745 1029 κινδύνων
778 975 867 1032 αῖτιον

104 1059 236 1129 ἐσόμενον.

52 1140 55 1145 ’
168 1137 288 1198 XXXV.
307 1136 381 1196 Ἐπεὶ
395 1140 423 1195 δέ
437 1142 563 1213 κᾴκεῖθιν
575 1137 759 1209 ιῖπηλοῖθησαν
773 1163 802 1197 οι
791 1139 867 1211 ‘62¹1-

106 1245 218 1325 αορχοι,
241 1225 376 1297 βοήθειαν
394 1219 489 1297 σύδεμύ
488 1245 522 1279 αν
547 1222 702 1298 εὑρόμενοι,
727 1227 865 1281 ἐσκόπουν

107 1297 197 1375 αὖθις,
225 1329 281 1363 οτι
281 1309 341 1407 χρη
369 1312 456 1364 ποιεῖν
482 1305 517 1372 εἰς
535 1310 580 1364 τόν
594 1305 863 1380 δῆμονοῖφικόμενοι.

106 1393 184 1454 ε’νίοις
196 1392 245 1465 μέν
258 1379 307 1447 σύν
320 1390 403 1447 ἐδόκει
409 1434 417 1463 ,
444 1391 487 1447 καὶ
507 1393 623 1462 μάλιστα
643 1395 698 1456 τοῖς
714 1392 864 1465 ταραχωδε-

107 1478 226 1541 στοῖτοις,
254 1473 362 1531 οῖπιέναι
375 1476 478 1530 πόλιν’
465 1497 493 1530 εκ
508 1496 552 1543 της
565 1477 663 1538 πόλεως
675 1476 738 1539 τούς
751 1475 864 1547 δημοτι-

106 1561 170 1622 κούς
189 1563 222 1615 τοῖ
241 1555 311 1615 ὅπλα
332 1557 609 1633 αναλαμβόνοντας
587 1580 622 1620 εις
640 1556 701 1614 τό
691 1560 763 1632 ιερόν
788 1558 864 1632 ὅρος,

107 1643 176 1699 ἔνθα
198 1642 293 1698 καὶτὸ
313 1643 418 1718 πρῶτον
435 1642 723 1716 ἐστρατοπεδεύσαντο,
752 1642 863 1697 καὶτὸν

107 1729 223 1797 πόλεμον
237 1729 342 1780 ἐκεῖθεν
361 1726 528 1799 ὁρμωμένους
543 1730 631 1781 ποιεῖν
650 1729 716 1799 πρός
737 1726 799 1788 τούς
811 1746 861 1779 πα·

107 1810 233 1882 τρικύους,
261 1809 350 1876 ἐπειδὴ
370 1812 416 1874 τοῖς
441 1810 579 1878 συνθήκας
598 1809 694 1865 ἔλυσαν
708 1812 806 1865 ἐκεῖνοι
819 1812 864 1872 τοῖς

108 1894 249 1967 γενομένας
263 1888 355 1955 αὐτοῖς
367 1894 432 1967 πρός
446 1895 491 1949 τόν
505 1893 600 1971 δῆμον,
628 1894 804 1955 καταλύοντες
815 1893 865 1960 τήν

108 1977 272 2050 δημαρχικὴν
283 1975 404 2040 ἐξουσίαν
418 1982 445 2031 ἐκ
462 1978 509 2030 τοῖν
522 1977 648 2050 φανεροῦ.
662 1979 717 2040 τοῖς
731 1975 760 2030 δέ
772 1977 864 2031 πλεῖο-

110 2082 152 2115 σιν
166 2060 251 2115 έδόκει
264 2063 300 2130 μή
314 2064 480 2133 παραχωρεῖν
498 2064 542 2128 τῆς
562 2063 672 2124 πόλεως,
699 2059 766 2132 μηδέ
786 2054 863 2112 κοινα

109 2145 214 2198 πόντων
240 2143 389 2216 ἐγκλήματα
417 2145 503 2198 ποιεῖν
529 2142 594 2218 ὑπὲρ
613 2128 647 2196 ὧν
672 2140 728 2216 ῖδόᾳ
746 2143 816 2205 τινές
830 2137 862 2203 εἰς

109 2229 168 2291 τούς
183 2226 334 2302 δημάρχους
357 2228 565 2302 παρηνόμησαν,
593 2228 640 2282 ἐόν
655 2228 688 2279 τοὶ
702 2246 864 2296 συχκεχορη·

108 2315 174 2380 μένα
187 2314 243 2374 τοῖς
256 2312 348 2382 νόμοις
360 2312 539 2381 λαμβάνωσιν,
566 2306 594 2364 οῖ
605 2308 743 2365 κελεύουσι
756 2307 865 2378 νηποινῖ

109 2395 240 2449 τεθνιῖναι
254 2394 313 2457 τούς
328 2392 490 2469 ύβρόυαντας
505 2396 539 2449 τοῖ
558 2396 609 2450 τῶν
624 2392 763 2495 δημάρχων
777 2393 866 2462 σώμα-

110 2498 149 2532 τα.
165 2481 221 2543 τοῖς
234 2475 262 2531 δέ
277 2478 454 2551 χαριεστέρους
474 2473 612 2552 οὐδέτερον
625 2476 726 2531 τούτων
738 2477 866 2546 ἐφαίνετο

97 2562 218 2634 ,tumst
200 2585 285 2640 εχιιν,
311 2558 374 2625 ούτε
394 2561 442 2635 τὴν
456 2561 534 2620 πόλιν
553 2563 682 2623 ἐκλιπεῖν
705 2554 767 2612 οὔτε
780 2559 865 2626 φόνον

88 2676 212 2733 (ινριτον
243 2659 399 2735 ἐπιτελεῖν,
426 2649 575 2710 καιταῖιτα
600 2642 731 2717 numm,
747 2641 867 2700 οιςηηι
