1928 2954
169 224 203 279 16
287 216 447 270 DIONYSII
464 216 809 271 HALICARNASSENSIS

167 320 202 388 εἷς
216 321 371 392 ἐκκλησίαν,
399 322 444 379 καί
457 324 561 393 πολλήν
585 324 748 398 κατηγορίαν
772 323 934 399 διαθέμενος

166 408 219 461 τῶν
232 407 421 478 φονευθέντων
436 402 482 463 ὕπ’
499 402 585 462 αὐτοῦ
599 410 730 474 πολιτῶν,
752 409 871 475 ἐκείνους
882 411 933 482 μίν

167 489 219 562 ἔφη
232 494 433 563 τετιμωρῆσθαι
447 490 496 546 σίν
510 490 585 564 δίκη,
616 492 745 556 πολλάκις
768 493 932 564 ἐπιβουλευ.
954 509 962 529 ·-

168 574 228 638 θείς
243 569 286 630 ὑπ’
311 571 398 629 αὐτῶν
406 615 414 639 ,
438 576 495 636 τοῖς
522 567 549 627 δ’
574 568 663 638 ἄλλοις
682 574 806 639 πολίταις
823 578 932 633 ίλευθε·
960 638 963 643 ,

167 659 230 730 ρίαν
244 659 329 731 φέρων
341 659 475 730 παρεῖναι,
496 656 542 712 καί
552 653 703 731 ἰσηγορίαν,
725 657 771 713 καί
784 653 852 714 άλλσ
867 663 932 716 πολ·

169 743 202 798 λά
216 739 321 816 άγυθά.

226 820 310 879 vlu.
338 823 430 879 Ταδτα
445 821 533 890 εἰπάν,
556 823 601 879 καί
615 826 784 898 θαυμαστῶν
797 827 932 897 ἐμπλήσας

168 905 280 964 ἐλπίδων
293 905 531 978 τοδςδημοτικοδς
548 903 684 974 άπαντας,
706 906 755 963 δύο
772 911 806 964 τά
820 911 933 965 κάκιστα

168 992 334 1047 καθίσταται
357 991 409 1046 τῶν
425 993 454 1046 ίν
473 988 631 1065 άνθρίιποις
650 994 865 1067 πολιτευμάτων,
893 986 933 1058 οίς

168 1077 242 1131 πάσα
260 1076 359 1150 χρῆται
373 1074 527 1149 προοιμίοις
540 1075 676 1150 τυραννίς,
703 1079 754 1149 γῆς
770 1073 933 1149 άναδαομδν
958 1108 961 1113 -

168 1158 214 1215 καλ
225 1161 310 1233 χρεῶν
322 1154 436 1231 άφεσιν·
455 1158 558 1214 τούτων
572 1158 600 1214 δέ
615 1160 662 1227 τήν
680 1161 831 1228 ἐπιμέλειαν
849 1155 944 1226 αὖτίς·

169 1240 327 1318 άμφστὲρων
344 1241 495 1312 ὑπισχνεῖτο
506 1242 680 1311 ποιήσεσθαι,
697 1246 844 1317 στρατηγός
857 1239 931 1299 άκο·

169 1326 285 1395 δειγθείς
297 1322 485 1401 αὐτοκράτωρ,
513 1323 561 1390 ἕως
573 1329 601 1381 ίν
615 1322 731 1398 άσφαίεῖ
750 1329 783 1382 τά
796 1328 876 1384 κοινά
888 1329 932 1407 γε’·

169 1430 254 1477 νηται,
270 1410 314 1464 καί
329 1409 529 1482 δημοκρατικήν
542 1411 762 1475 καταστήσωνται
781 1412 929 1466 πολιτείαν.

169 1491 328 1560 άσμένωςδέ
343 1493 389 1548 τοῦ
417 1490 564 1563 δημοτικοῦ
590 1493 636 1548 καὶ
662 1495 781 1570 πονηροί)
806 1494 929 1563 πλήθους

169 1577 217 1643 τήν
230 1573 356 1648 ἁρπαγήν
370 1576 422 1629 τῶν
435 1573 581 1649 άλλοτρίων
602 1577 753 1647 δεξαμένου,
779 1575 931 1651 λαβώνκήν

169 1654 357 1731 αὐτοκράτορα
373 1655 456 1731 άρχήν
470 1654 551 1723 αὐτὸς
563 1655 627 1735 παρ’
643 1663 750 1728 ἑαυτοῦ,
766 1657 856 1735 ἕτερον
868 1665 930 1718 ἐπι·

168 1744 241 1816 φέρει
264 1743 417 1814 βοδλευμο,
441 1737 478 1798 δι’
497 1729 531 1798 οὗ
545 1746 805 1817 παρακρουσάμενος
820 1741 927 1812 αὖτοὺς,

168 1824 295 1880 ἁπάντων
309 1823 433 1898 άφείλετο
447 1828 496 1894 τήν
510 1829 677 1901 ἐλευθερίαν.
691 1830 863 1903 σκηψάμενος
875 1831 928 1903 γάρ

169 1908 329 1965 ὑποπτείειν
342 1912 458 1982 ταραχάς
472 1910 517 1968 καί
537 1912 730 1975 ίπαναστάσεις
741 1915 771 1966 ἐκ
784 1913 838 1967 τῶν
847 1915 929 1968 πλου·

168 1993 233 2050 σίων
246 1989 282 2056 είς
300 1993 362 2056 τοὺς
379 1992 550 2065 δημοτικοὺς,
577 1995 689 2050 διάτδν
708 1992 871 2070 οίναδασμδν
884 1998 931 2064 τῆς

167 2079 215 2150 γῆς
235 2076 281 2132 καί
299 2078 346 2141 τάς
363 2079 414 2131 τῶν
439 2077 549 2134 δανείων
567 2077 686 2149 άφίοεις,
704 2076 750 2134 ίνα
767 2080 804 2151 μή
822 2081 930 2153 γίνοιτο

167 2163 282 2233 πόλεμος
295 2159 434 2232 ίμφδλιος,
461 2160 530 2232 μηδί
548 2163 631 2233 φόνοι
651 2161 791 2228 πολιτικοί,
805 2163 872 2233 μίαν
884 2159 929 2216 είι·

166 2246 267 2318 ρίσκειν
280 2243 338 2314 ἔφη,
354 2244 417 2316 πρίν
430 2241 466 2306 εἷς
478 2246 513 2300 τά
533 2244 606 2300 δεινά
618 2248 722 2317 ἐλθεῖν,
748 2246 886 2317 φυλακήν,
906 2243 930 2300 εί

167 2328 200 2381 τά
213 2322 286 2382 ὅπλα
299 2330 499 2402 προενεγκόντες
511 2332 539 2384 ίκ
551 2331 604 2384 τῶν
617 2327 709 2386 οίκιῶν
723 2324 846 2402 ἅπαντες,
871 2331 930 2395 τοῖς

166 2413 243 2475 θεοῖς
256 2411 466 2486 καθιερώσειαν,
480 2411 526 2469 ίνα
541 2414 610 2468 κατά
624 2416 675 2469 τῶν
688 2412 786 2478 ἔξωθεν
798 2414 929 2468 ἐπιόντων

165 2495 298 2563 πολεμίων
310 2493 393 2562 ἔχοιεν
407 2491 509 2568 αὕτοίς,
524 2490 592 2550 ὅταν
606 2492 711 2568 άνάγκη
724 2516 763 2560 τις
775 2496 926 2570 καταλάβῃ,

139 2578 284 2643 Ιρῇσθαι,
313 2576 364 2634 καί
371 2578 416 2656 μή
436 2574 503 2638 καθ’
532 2580 644 2648 ἑαυτῶν,
669 2582 781 2636 κεῖσθαι
802 2574 831 2634 δ’
858 2575 929 2634 οὖτά

129 2655 196 2714 reim
210 2663 299 2735 παρά·
323 2667 381 2730 τοῖς
409 2669 495 2736 θεοῖς
524 2670 552 2727 ίν
580 2664 666 2744 καλῷ.
694 2661 728 2728 ίις
741 2660 773 2718 δί
790 2658 838 2717 καὶ
861 2660 946 2711 τιίοτο
