1928 2954
148 172 195 231 ιιι
262 169 420 221 οιοαυειι
442 152 788 220 πεττοεευεεεεαειε

146 275 222 330 άέιῶν
237 280 264 330 ἐκ
280 276 426 346 δημοτικοῦ
438 278 532 350 γε’νους
550 272 729 348 ἁρμόσασθαι
741 276 850 348 γάμον,
879 273 912 331 δι’

147 359 298 434 ὑπεροψίαν
312 363 357 428 τῆς
371 358 456 428 τύχης,
479 356 524 414 καί
538 361 612 429 παρά
625 359 672 414 τόν
683 361 784 431 νόμον,
806 352 842 415 όν
859 354 914 415 αδ-

146 446 190 508 τός
202 448 229 498 ἐν
242 447 301 507 ταῖς
316 443 418 498 δώδεκα
439 442 538 508 δέλτοις
553 439 702 543 ἀνέγραψε,
725 445 756 499 τό
776 444 828 513 μίν
842 445 913 519 πράτ-

146 529 337 600 τονέπειράθη
366 528 529 601 διαφθεῖραι
551 527 672 600 χρήμασι
696 529 745 594 την
759 529 853 601 κόρην,
867 527 914 583 καί

146 614 335 711 προσέπεμψεν
354 609 396 666 άεί
422 633 495 674 τινας
519 613 586 684 πρὸς
614 613 661 674 τάς
686 612 805 683 τροφοδς
830 607 913 681 αδτῆς

145 701 289 769 γυναῖκας
303 682 335 761 ἦν
350 697 402 770 γάρ
416 693 521 767 ὄρφανη
514 690 661 767 μητρός
647 718 662 762 η
678 698 756 756 παῖς·
781 695 874 759 διδοίις
886 717 913 751 τε

146 776 246 850 πολλά,
272 777 318 834 καί
333 778 370 834 ε’τι
384 780 543 833 πλείονα
509 800 561 833 των
576 776 745 849 διδομένων’
733 780 912 850 υπισχνοίμε·

145 884 198 927 νος.
213 864 407 937 παρηγγέλλετο
420 863 447 918 δὲ
459 866 518 926 ταῖς
532 866 705 934 πειρωμέναις
720 884 766 926 τας
782 865 911 966 τροφοὺς,

145 970 182 1019 μη
175 949 285 1019 λέγειν,
300 949 339 1009 τις
352 967 367 1001 ο
383 950 428 1013 τῆς
441 948 521 1047 κόρης
534 946 633 1002 ἐστίν’
621 949 701 1020 ερῶν,
729 942 818 1003 άλλ’“
801 967 845 1001 οτι
860 950 911 1003 τῶν

147 1032 300 1101 δυναμέιων
315 1051 352 1093 τις
365 1051 395 1084 ευ
411 1034 505 1095 ποιεῖν,
521 1026 567 1093 οιίς
581 1031 740 1100 βουληθείη,
756 1030 802 1087 καὶ
816 1033 911 1096 κακῶς.

146 1114 179 1177 ὡς
194 1110 220 1168 δ’
235 1136 286 1170 ουκ
299 1113 406 1169 επειθεν
427 1110 524 1181 αιίιιλς,
553 1112 619 1170 άλλά
639 1115 683 1169 καί
704 1115 871 1183 φυλακης
841 1136 911 1187 εωριτ

146 1200 194 1266 την
207 1200 290 1272 κόρην
303 1201 466 1273 κρείττονος,
480 1196 498 1265 ἢ
511 1200 648 1272 πρότερον,
663 1196 833 1270 άξιουμένην,
849 1203 912 1267 φλε-

148 1286 258 1357 γόμενος
273 1282 325 1340 ὑπὸ
348 1286 395 1337 τοῦ
421 1284 531 1346 πάθους
543 1284 590 1348 την
601 1280 767 1356 ίταμοιτίραν
779 1282 848 1355 ἔγνω
860 1285 909 1353 βα·

149 1368 227 1433 δι’ζειν
246 1368 319 1423 ὁδόν.
344 1368 587 1438 μεταπεμψάμενος
613 1367 644 1434 δη
660 1386 718 1421 τινα
733 1370 785 1422 τῶν
811 1370 911 1423 ἑαυτοῦ

149 1454 275 1517 πελατῶν,
292 1454 409 1525 Μάρκον
423 1450 575 1514 Κλαύδιον,
591 1445 678 1525 άνδρα
693 1454 841 1523 τολμηρὸν,
867 1449 910 1505 καὶ

149 1537 215 1608 πρὸς
229 1537 320 1591 πάσαν
335 1536 481 1607 ὑπηρεσίαν
495 1532 616 1604 ἕτοιμον,
645 1536 675 1588 τό
689 1555 715 1587 τε
731 1537 825 1597 πάθος
839 1531 910 1606 αὐτῷ

149 1620 293 1691 διηγεῖται,
312 1619 357 1674 καί
371 1621 494 1691 διδάξας,
521 1615 574 1674 ὅσα
588 1621 675 1673 ποιεῖν
688 1615 772 1673 αὐτόν
784 1620 911 1689 ἐβούλετο

148 1704 194 1757 καὶ
208 1706 304 1776 λέγειν,
334 1701 488 1759 άποστέλλει
507 1703 622 1771 συχνοὺς
635 1705 687 1756 τῶν
713 1701 911 1759 άναιδεστάτων

147 1789 324 1858 ἐπαγόμενον.
340 1786 355 1841 ὁ
369 1787 397 1840 δὲ
413 1789 625 1861 παραγενόμενος
636 1787 679 1842 ἐπὶ
698 1788 727 1841 τὸ
743 1786 911 1843 διδασκαλεῖ-

148 1871 406 1942 ον,ε’πιλαμβοίνεται
422 1875 467 1940 τῆς
480 1873 632 1943 παρθένου,
642 1871 688 1925 καί
701 1873 824 1942 φανεράς
836 1867 911 1942 άγειν

148 1956 273 2024 ἐβούλετο
296 1949 328 2008 δι’
346 1951 459 2027 άγοράς.
489 1960 606 2028 κραυγῆς
634 1954 661 2008 δὲ
687 1958 837 2027 γενομένης,
867 1953 911 2008 καί

149 2043 249 2094 πολλοῦ
281 2040 483 2110 συνδραμόντος
514 2037 609 2105 ὄχλου,
642 2041 820 2110 κωλυόμενος,
849 2035 911 2093 άπυι

149 2128 292 2198 προηρεῖτο
308 2125 356 2191 την
370 2126 451 2196 κόρην
466 2118 541 2193 άγειν
548 2168 556 2191 ,
580 2123 624 2178 ίπί
639 2124 686 2189 τήν
698 2119 782 2195 άρχην
797 2125 911 2196 παραγί·

149 2226 229 2262 νεται.
253 2210 372 2274 ἐκάθητο
389 2205 414 2259 δ’
444 2207 488 2262 ἐπὶ
502 2210 549 2260 τοῦ
567 2207 689 2277 βήματος
703 2210 849 2275 τηνικαῦτα
862 2208 911 2277 μά-

148 2287 328 2363 νος”ι1ππιος,
346 2293 512 2363 χρηματίζων
526 2311 552 2344 τε
565 2311 612 2343 και
603 2288 738 2354 δικάζων
752 2296 808 2355 τοῖς
823 2291 912 2361 δεσμά·

148 2395 211 2429 τοις.
236 2370 448 2444 θουλομιίνσυδ’
477 2369 564 2429 αδτου
590 2377 681 2444 λέγειν,
710 2394 813 2448 κραυγη
826 2396 852 2428 τε
866 2395 912 2428 και

148 2454 328 2527 ἀγανάκτησις
342 2445 374 2525 ἦν
386 2462 415 2512 ἐκ
429 2460 477 2512 τοῦ
498 2461 670 2532 περιεστῶτος
683 2457 777 2528 ὄχλου,
805 2460 912 2512 πάντων

144 2536 294 2601 άέισείντων
311 2545 479 2624 περιμένειν,
502 2540 554 2606 ἐὀυς
565 2539 598 2597 άν
609 2541 765 2596 ελθοιοιυ*
738 2563 765 2596 οι
778 2545 912 2612 συγγενεῖς

137 2630 184 2705 Τίς
197 2634 301 2717 κόρης·
330 2660 381 2696 και
368 2628 435 2694 ό
432 2641 541 2695 4ππιος
555 2621 640 2686 ολιτεος
657 2625 775 2677 §inmun
785 2640 885 2671 mmm
895 2619 933 2675 ζα,
