1928 2954
109 187 143 241 68
225 179 386 230 DIONYSII
407 176 758 230 HALICARNASSENSIS

111 307 175 356 μων.
201 287 358 348 ἐπιστάντος
373 283 400 339 δὲ
413 284 462 339 τού
474 283 590 358 χρόνον,
616 284 722 358 πρῶτον
736 280 810 356 είσίᾳ

112 373 159 425 τόν
174 370 360 446 χωρονομικόν
379 371 477 440 νόμον·
504 367 550 424 καὶ
569 369 685 433 πολλούς
698 363 778 425 αύιοί
803 370 810 424 ί

112 458 209 519 δόντες
227 458 337 528 λόγους,
364 454 493 518 ἐκάλουν,
519 454 547 507 εἴ
561 472 600 516 τις
615 452 650 525 τῶ
669 454 740 525 νόμρι
753 473 810 510 συντ

112 538 197 611 ρεύειν
210 539 337 611 βούλεται
352 539 403 592 τῶν
417 536 575 607 δημοτικῶν.
602 538 706 592 πολλῶν
721 535 749 590 δὲ
762 557 810 611 παρ

112 645 178 688 των,
207 623 252 678 καί
264 625 312 686 τός
324 623 425 678 ἑαυτῶν
445 622 561 694 πράξεις,
588 615 620 682 ῶς
640 625 668 675 έν
681 623 736 684 τοῖς
749 624 810 677 πολι

75 774 78 779 y
112 704 297 778 ῶπεδείξαντο,
322 708 546 779 προφερομὲνων,
572 702 617 759 καί
637 704 810 778 ἄγανακτούι

112 788 155 845 ὅτι
169 791 272 857 πολλὴν
289 793 340 861 γῆν
357 786 517 861 ἄφελόμενοι
533 789 595 850 τούς
612 788 770 861 πολεμίους,
799 810 810 843 ο

111 874 159 947 μίν
187 870 317 946 οὐδεμίαν
345 869 468 944 εἰλήφασι
487 875 599 944 μοῖραν,
627 874 690 936 τούς
711 873 740 927 δὲ
756 874 809 947 χρὴ

112 956 157 1013 καί
171 959 260 1029 φίλοις
280 957 412 1020 δυνατούς
424 959 657 1062 ίσφετερισμὲνους
671 956 754 1105 δρῶσι
774 960 808 1012 τοὶ

111 1041 152 1108 νεὶ,
173 1042 220 1098 καὶ
234 1043 435 1146 καρπουμένους
448 1046 476 1095 ἐκ
487 1061 535 1096 του
519 1042 653 1139 βιαίρυ,
681 1038 699 1093 οῗ
701 1041 810 1105 ξισύντα

111 1148 148 1197 μη
139 1128 246 1214 μόνον
265 1128 327 1191 τούς
341 1124 482 1189 κινδύνους
501 1119 621 1179 εἶναι
586 1145 620 1197 τερ
641 1124 714 1198 δήμῳ
734 1126 797 1191 τούς

112 1213 163 1265 τῶν
175 1213 272 1268 κοινῶν
285 1208 400 1285 ιίγαθῶν
413 1210 526 1275 κοινούς,
554 1179 621 1264 ιίλλίί
630 1208 677 1264 και
690 1210 738 1274 τός
753 1205 803 1266 ἄπ’

116 1298 163 1351 τῶν
176 1293 275 1364 ἡδονάς
287 1317 312 1350 τε
326 1317 371 1351 και
362 1290 526 1366 ὠφελείας·
540 1293 585 1349 καί
598 1313 647 1350 του
631 1292 810 1362 ”πλὴύους
799 1315 810 1349 ο

116 1399 162 1442 νοις
180 1377 327 1446 ακούοντος
345 1380 408 1443 τούς
427 1380 536 1451 λόγους,
564 1377 709 1450 όμοίλιστα
728 1380 808 1452 ἐπιρίρ*

114 1465 159 1518 τόν
174 1462 272 1535 δῆμον,
296 1463 343 1520 καὶ
356 1464 429 1534 ’μηδὲ
448 1464 539 1534 φωνήν
558 1460 697 1533 ύπομὲνειν
712 1465 764 1517 τῶν
778 1461 810 1518 οἷν

114 1549 215 1619 γόνταν
230 1535 492 1623 διαπραξόμενος,
477 1567 510 1614 ην
526 1547 645 1609 Λούκιος
665 1547 787 1615 Σίκκιος,

114 1634 192 1694 τότος
204 1633 418 1703 ἐπικαλούμενος,
434 1633 533 1694 πολλός
546 1633 617 1686 πάνυ
629 1652 675 1685 και
665 1629 804 1702 μεγάλας

114 1717 278 1817 τούπροίξεις
298 1702 490 1778 διεξελθών.
475 1737 506 1782 ην
527 1711 555 1768 δ’
576 1713 701 1786 ὀφθῆναί
713 1736 740 1769 τε
760 1720 810 1770 θαι

113 1796 206 1861 στδς
188 1799 265 1872 ανὴρ,
293 1821 339 1854 και
330 1795 493 1868 ἡλικίαςίν
507 1800 542 1854 τῶ
553 1801 692 1873 κρατίστῳ,
714 1799 791 1853 δυοῖν
806 1821 810 1851 ι

112 1903 146 1937 τα
159 1882 284 1950 ἑξήκοντα
300 1884 413 1958 γεγονὼς
433 1883 490 1952 ίτη,
519 1883 564 1939 καί
582 1887 718 1958 φρονῆσαι
732 1904 766 1937 τοι
760 1882 810 1937 δέ

113 1965 271 2042 ίκανός,’
249 1971 333 2023 ειπείν
358 1989 387 2023 τε
409 1966 443 2030 ῶς
468 1969 638 2070 στρατιώτης
658 1988 708 2023 ουκ
736 1965 810 2022 ἆδύνι

113 2046 212 2121 ε’φηδ’
232 2040 281 2108 σύν
300 2053 456 2126 παρελθών·
489 2047 590 2125 ,,Ἐγῶ,
620 2053 640 2106 ὠ
659 2051 783 2120 δημόται,

112 2178 131 2202 ,,
125 2133 247 2200 ,ἕκαστον
261 2135 395 2212 ἔργοντῶν
408 2135 468 2208 ἐμοὶ
482 2139 675 2207 πεπραγμένων
689 2157 712 2189 ει
704 2133 810 2206 ’βουλε

113 2222 229 2297 ,,λίγειν,
244 2215 424 2276 ίπιλείποιόιν
437 2241 470 2291 με
483 2220 558 2289 ὁτῆς
570 2216 668 2293 ἡμέρας
680 2221 786 2293 χρόνος.
807 2247 810 2270 ι

114 2304 164 2370 ,,δέ
180 2308 214 2360 τοί
233 2306 364 2376 κεφάλαια
391 2299 425 2357 δι’
452 2305 606 2406 ἐλαγίστων,
633 2302 738 2373 ῶςὲμσὶ
757 2302 810 2357 δύνι

111 2391 188 2459 ,,ἐρῶ.
209 2389 466 2464 τετταρακοστὸν
434 2410 482 2459 μεν
495 2387 551 2452 ε’τος
565 2388 623 2444 ε’στί
633 2408 681 2460 μοι
694 2390 788 2465 τοῦτο,
804 2410 810 2441 ι

109 2471 312 2548 ,,στρατεύομαι
326 2471 396 2580 ὕπερ
405 2473 450 2538 τῆς
461 2473 600 2572 πατρίδος,
618 2472 777 2546 τριακοστόν
793 2472 809 2525 δ

97 2542 165 2631 νιθῧ
174 2562 371 2642 ῢῒραλίίιλϊλκῆς
381 2556 423 2619 ἇδύ
435 2579 507 2622 τινος
518 2552 663 2633 ηγεμυνὶυτ,
671 2556 802 2625 τυγχάνω

88 2671 168 2727 ’W
189 2655 313 2736 σπείρας
334 2649 510 2735 ἡγούμενος,
532 2635 634 2701 τοτεό
665 2637 732 2689 ολου
726 2637 810 2701 τος,
