1928 2954
157 178 203 232 118
262 172 423 222 DIONYSII
442 170 788 255 HALchRNAsanst

152 298 200 349 ρον
213 279 326 333 ἐκάλουν
336 276 368 333 οἱ
380 276 501 334 παλαιοί.
529 274 619 350 ἕτερόν
630 298 666 342 τε,
680 272 744 349 παρ’
758 273 859 350 ἀλίγτιις
873 275 913 333 ἔτι

153 366 356 433 φυλαττόμενον
368 365 475 419 πόλεσιν
483 358 633 432 Ἑλληνίσιν
649 366 677 417 έν
691 361 854 435 ἱερουργίαις
867 381 911 417 τι-

153 447 197 501 σὶν
211 445 357 521 ἀρχαϊκαῖς,
373 447 388 502 ό
402 450 452 501 τῶν
467 448 709 520 παρεμβεβηκότων
728 450 784 509 τοῖς
807 441 910 518 ἀρμοτσι

152 530 260 603 δρόμος.
287 527 353 587 ὅταν
377 536 429 605 γάρ
447 534 520 596 τέλος
535 530 566 586 αἱ
577 532 628 586 τῶν
642 530 731 586 ἵππων
744 525 852 602 ἅμιλλαι
863 531 910 586 λά·

151 617 266 687 βωνται,
292 613 479 682 ἀποπηδῶντες
497 612 553 671 ἀπύ
575 617 625 669 τῶν
639 613 765 687 ἀρμάτων
779 614 806 670 οἳ
819 636 910 688 παρσ-

150 701 275 771 γούμενοτ
288 703 344 765 τοῖς
357 694 543 772 ἡνιόχοιςούς
556 699 583 754 οἱ
596 697 706 766 ποιηταὶ
719 700 767 767 μέν
780 700 910 772 παραβά-

152 806 206 849 τας,
220 780 356 850 Ἀθηναῖοι
371 783 398 838 δέ
411 786 539 838 καλοῦσιν
553 781 699 855 ἀποβάιττς,
709 786 755 839 τόν
765 783 910 838 σταδιαῖον

152 866 311 939 ἁμιλλῶνται
325 867 425 939 δρόμον
436 864 514 922 ούτσύ
528 871 594 940 πρός
608 866 745 935 ἀλλήλους.
772 870 910 925 τελεσθέν-

150 972 201 1006 των
216 952 244 1005 δέ
258 953 309 1005 τῶν
322 950 438 1006 ἱππικῶν
453 950 572 1020 δρόμων,
593 951 621 1007 οἱ
634 956 690 1016 τοῖς
703 954 804 1007 ἑαυτῶν
817 952 908 1023 στύμα-

152 1056 195 1091 σιν
221 1033 408 1109 ἀγωνιζόμενοι
435 1030 487 1090 τότ’
512 1033 649 1141 είσγίευαν,
678 1035 797 1107 δρομεῖς
808 1057 836 1093 τε
862 1033 908 1091 καί

151 1121 250 1175 πύκται
264 1119 310 1175 καλ
333 1121 489 1178 παλαισταί.
515 1121 576 1192 τρία
593 1122 646 1193 γάρ
665 1118 812 1191 ἀθλήματα
833 1122 908 1199 παρά

151 1208 206 1268 τοῖς
219 1203 339 1274 ἀρχαίοις
351 1208 436 1259 ταῦτα
452 1226 483 1271 ην
505 1200 666 1273 Ἴτ’,λληυιν
650 1226 680 1266 ως
690 1201 806 1276 Ομηρος
817 1203 862 1261 ἐπὶ
876 1206 909 1277 τῇ

153 1291 314 1360 Πατρόκλου
327 1289 405 1355 δηλοῖ
417 1289 499 1361 ταφῆ.
525 1293 553 1344 ἐν
573 1290 601 1344 δέ
620 1291 675 1351 τοῖς
695 1290 740 1345 διά
758 1292 842 1361 μέσου
856 1291 907 1362 τῶν

152 1371 318 1443 ἀθλημάτων
329 1374 436 1444 χρόνοις
457 1369 683 1441 Ἑλληνικώτατον
703 1372 749 1427 καλ
762 1375 908 1448 κράτιστον

152 1456 277 1511 ἀπάντων
309 1459 381 1512 έόιῖτν
412 1455 623 1522 ἀπεδείκνυντο,
660 1457 837 1528 στεφανώσεις
862 1456 908 1513 καί

152 1539 309 1613 ἀναρῥήσεις
322 1541 479 1610 ποιούμενοι
492 1543 582 1610 τιμῶν,
611 1534 652 1606 αἷς
664 1543 759 1610 έτίμων
772 1544 834 1607 τούς
847 1547 910 1598 {ava

151 1628 200 1679 τῶν
214 1622 363 1698 εὐεργέτας·
378 1623 411 1689 ὡς
427 1621 572 1697 Ἀθήνῃσιν
591 1630 619 1680 έν
637 1628 695 1689 ταῖς
716 1630 909 1692 Διονυσιακαῖς

150 1710 247 1780 ἐγίνετο
261 1709 385 1774 θυσίαις·
407 1708 453 1763 κοί
466 1708 582 1776 σκύλων,
602 1704 672 1765 ὅσων
691 1710 802 1781 λάβοιεν
813 1716 842 1766 ἐκ
855 1732 908 1767 πσ-

150 1796 242 1863 λέμων,
256 1793 389 1856 ἐπιδείξεις
400 1796 456 1854 ταῖς
469 1789 504 1856 είς
518 1795 588 1850 θέαν
601 1796 820 1862 συνεληλυθόσιν.
839 1793 907 1852 ἀλλά

150 1879 202 1952 γάρ
217 1875 281 1948 ύπέρ
294 1877 342 1950 μέν
361 1877 462 1932 τούτων
476 1873 539 1933 α’ύττ
551 1881 658 1948 μηθένα
678 1879 849 1947 ποιήσασθαι
862 1881 908 1936 λό·

149 1983 207 2035 γον,
222 1959 389 2031 ἀπαιτούσης
402 1965 446 2030 τῆς
461 1959 626 2027 ὑποθέσεως,
654 1965 737 2027 καλῶς
750 1956 828 2032 εἶχεν,
844 1958 907 2020 οὔτε

149 2044 273 2119 μηκύνειν
288 2049 355 2118 πέρα
369 2049 418 2103 τού
439 2045 544 2111 δέοντος
562 2042 683 2118 ἥρμοττε.
707 2050 799 2120 καιρός
818 2042 847 2101 δ’
861 2048 907 2104 ἐπὶ

149 2132 197 2198 τήν
216 2129 426 2201 ἀπολειπομένην
444 2131 566 2204 διήγησιν
582 2133 733 2203 ἐπανάγειν.
752 2130 785 2196 ὡς
803 2134 856 2206 γάρ
872 2133 905 2202 δὴ

149 2218 182 2269 τά
198 2216 259 2288 περὶ
278 2216 325 2269 τόν
337 2212 496 2283 ἀπαχθέντα
510 2213 555 2270 ἐπί
583 2217 709 2288 τιμωρίαν
730 2213 781 2271 ὑπὸ
797 2219 844 2271 τού
859 2217 905 2272 δε·

149 2301 261 2363 σπότου,
283 2297 328 2354 καί
343 2300 564 2374 προηγησάμενον
578 2303 622 2366 τῆς
635 2303 750 2370 πομπῆς,
775 2297 904 2371 ἴμαθτνῆ

147 2384 233 2453 βουλή
253 2386 328 2454 παρά
345 2387 392 2440 τού
407 2385 437 2439 τό
451 2384 573 2460 πραχθέν
586 2382 817 2454 ἀνανεωσαμένου,
838 2388 905 2442 τού-

147 2488 193 2520 τον
216 2465 392 2536 ύπολαβούσα
419 2466 471 2523 ύπύ
497 2470 546 2524 τού
569 2469 640 2523 θεοῦ
658 2467 785 2539 λέγεσθαι
804 2472 850 2526 τόν
871 2464 903 2526 σύ

131 2552 224 2611 καλῶς
236 2549 399 2623 ἀπείργοντα
414 2554 465 2611 τῶν
478 2547 624 2627 ὀρχηστῶν,
636 2546 724 2625 ὥσπερ
738 2551 818 2624 έφην,
832 2551 901 2609 ἀνα-

114 2630 264 2698 ίνΐήσαυα
282 2639 332 2693 τόν
347 2640 388 2718 τῷ
409 2641 571 2724 θεράποντι
582 2638 797 2715 λωβηοόιμενον,
811 2635 909 2704 2&th-
