1928 2954
92 145 127 200 ρο
206 119 372 188 ὀεουτειτ
389 131 730 188 σεεεοκσεικεοειισιε

90 265 142 302 των
154 244 281 316 συνάγειν
293 242 446 312 ἐκκλησίαν,
473 235 559 316 ὥσπερ
578 239 671 307 αῧτοῖς
683 243 797 318 πάτριον
809 232 852 313 ἦν.

91 334 118 386 έν
131 329 185 403 γάρ
199 348 257 392 τοις
269 329 398 402 πρότεοον
418 326 544 428 χρόνοις,
573 319 620 382 ότε
645 328 733 426 μέλλοι
758 331 852 401 ψῆφον
891 360 893 399 !

92 416 231 485 ἐςινεγκειν
243 433 257 468 ο
249 410 391 482 δῆμος*
379 411 444 484 νπέρ
457 395 662 483 οτουόρτινος,
643 431 678 467 ων
690 414 853 487 ἐπιτρέψειεν

92 522 108 569 ρ
98 495 217 571 “βονλή,
240 498 356 552 ἐκάλουν
368 497 416 566 μέν
429 493 456 550 οί
469 489 570 551 ὕπατοι
584 497 630 564 τὴν
644 499 743 566 λοχῖτιν
755 499 852 566 ἐκκλη-

93 584 154 638 σίαν
161 625 171 650 ,
186 580 243 657 λερα
235 583 388 654 πρότερον
401 574 644 657 έπιτελέσαντες,“
624 603 643 635 α
663 582 743 653 νόμος
758 575 853 646 αάτοίς

93 671 156 733 ἐστι,
171 665 216 721 καί
228 669 302 737 μέχρι
316 667 366 720 τοῦ
383 658 449 718 καθ’
464 659 532 735 ἡμᾶς
542 665 642 738 χρόνον
654 666 715 720 τινά
727 669 755 726 ἐξ
765 661 852 721 οὔτῶν

94 751 132 806 έτι
143 751 254 825 γίνεται.
279 745 373 822 συνῄει
388 748 415 803 όέ
428 747 458 802 τό
470 749 575 817 πλῆθος
586 745 623 812 είς
635 749 665 804 τό
681 752 732 823 πρό
740 752 792 825 Ιτῆς
804 751 853 806 πό·

94 830 373 909 λεωςἌρειονπεόίον,
402 829 455 886 ὑπό
474 851 502 886 τε
527 835 651 904 λοχαγοῖς
664 832 709 888 κοιλ
733 834 853 904 σημείοις

94 921 260 992 τεταγμένον,
276 911 364 992 ὥσπερ
377 919 405 971 ἐν
427 918 539 990 πολέμῳ.
552 920 681 990 ἐπέφερον
695 917 724 972 δέ
736 919 784 987 τήν
798 920 854 990 φῆ-

95 1023 147 1074 φον
163 997 212 1070 οὐχ
226 1021 342 1064 υποντες
356 997 545 1072 ἀναλαβόντες,
565 996 632 1056 αλλὰ
646 1005 713 1057 κατά
725 1002 786 1066 τούς
800 999 853 1059 ίόί·

97 1191 155 1226 των.
170 1169 253 1225 όντων
268 1169 342 1224 66⁸
309 1189 360 1224 των
373 1167 533 1241 συμπάντων
550 1171 630 1244 τριῶν
642 1170 686 1226 καί
699 1169 853 1240 εννενὴκον-

97 1276 129 1309 τοι
143 1252 190 1310 καί
202 1253 295 1310 ἑκατόν
309 1255 401 1325 λόχων,
415 1251 460 1307 καί
473 1251 574 1308 τοίντων
587 1251 622 1318 εἷς
640 1251 666 1316 ἓξ
687 1255 854 1362 βιηρημένων

98 1337 255 1411 συμμορίας,
275 1338 363 1409 πρώτη
376 1337 425 1410 μέν
437 1339 554 1393 ίκαλεῖτο
573 1340 724 1414 συμμορία,
747 1338 794 1398 καί
806 1342 853 1409 τήν

99 1426 192 1495 ψῆφον
205 1425 329 1494 ἐπέφερεν
342 1418 358 1491 ἡ
371 1423 422 1478 τῶν
435 1424 545 1489 ἐχόντων
557 1424 588 1477 τό
613 1426 853 1508 με’γιστοναίμημα

99 1511 143 1576 τῆς
157 1502 261 1572 οὐσίας,
292 1504 337 1592 κοιλ
350 1506 398 1572 τὴν
411 1506 518 1608 πρώτην
535 1508 727 1579 λαμβανόντων
741 1510 814 1572 τάξιν
826 1513 854 1564 ἐν

100 1593 264 1665 πολέμοις·’
251 1612 279 1645 εν
292 1593 331 1654 οίς
308 1582 445 1657 ἦσαν“
435 1590 535 1645 ιππέων
552 1590 601 1663 μέν
619 1587 798 1647 ὀκτωκαίδεκα
810 1591 854 1648 λό-

98 1697 154 1746 χ,οι
169 1669 295 1741 πεζῶνό’
314 1661 489 1746 όγιίοὴκοντοι.
511 1671 697 1747 όεντέραόΗ
687 1679 856 1750 ερηφηφέρει

100 1761 237 1833 συμμορία
262 1760 313 1814 τῶν
336 1757 529 1833 ὑποδεεστέρων
555 1763 611 1822 τοῖς
634 1760 714 1831 βίοις,
742 1760 789 1819 καί
808 1761 856 1825 τήν

100 1843 304 1915 ὑποβεβηκυῖαν
329 1844 403 1906 τάξιν
415 1847 444 1898 ἐν
459 1845 516 1905 ταῖς
536 1843 636 1913 μάχαις
663 1841 854 1920 [μαχομένωκ]

101 1951 146 1984 και
136 1921 336 1998 όπλιομόν’
302 1947 336 1982 ου
350 1930 395 1981 τόν
412 1921 495 1981 αὐτόν
507 1929 619 2010 ἐχόντων
633 1931 689 1992 τοῖς
707 1929 855 2033 πρωτοστά·

98 2033 167 2080 εοιις,
178 2006 234 2068 ἄλλ’
253 2011 399 2066 ἐλάττονα·
421 2012 502 2065 τοῦτο
517 2011 546 2066 όέ
559 1987 590 2065 τό
603 2008 745 2081 πλῆθος’
722 2032 758 2076 εις
772 2013 856 2068 εἴκοσι

98 2102 191 2168 λόχους
216 2095 425 2166 συντεταγμένον
452 2115 497 2162 ην·
519 2095 688 2165 προσέκειντο
713 2091 741 2150 6’
764 2091 855 2162 αὐτοῖς

100 2182 149 2237 660
162 2182 236 2248 λόχοι
248 2180 373 2234 τεκτόνων
385 2197 432 2233 και
422 2176 626 2248 χαλκοτύπων,
642 2179 687 2236 καί
702 2174 763 2236 όσοι
778 2176 853 2237 άλλοι

101 2266 246 2336 πολεμικῶν
256 2262 338 2336 ἔργων
349 2250 418 2330 ἦσαν
426 2264 598 2336 χειροτέχναι.
613 2261 641 2319 σί
655 2258 678 2319 6’
692 2267 720 2319 έν
734 2263 767 2337 τῇ
779 2265 854 2340 τρίτῃ

100 2347 235 2423 συμμορία
250 2347 421 2421 καλούμενοι,
441 2347 537 2414 λόχους
547 2348 597 2419 μέν
610 2349 768 2422 ἐξεπλήρουν
781 2351 854 2405 εἴκο-

100 2454 134 2497 σι,
150 2435 250 2505 τίμημα
264 2426 291 2484 6’
305 2426 376 2500 εἶχον
389 2429 498 2487 ἔλαττον
510 2434 562 2486 τῶν
574 2431 709 2506 δευτέρων,
724 2431 770 2487 καί
783 2434 855 2494 τάξιν

100 2519 149 2579 τήν
161 2511 203 2572 ἐπ’
221 2516 329 2580 ίκτίνοις
352 2513 520 2592 [έλάττονα,]
547 2512 593 2571 καί
612 2510 683 2572 ὅπλα
701 2511 752 2586 οὔχ
771 2511 854 2590 ὅμοιοι

88 2603 148 2661 wlf
158 2599 215 2672 πρό
227 2592 319 2658 οάτιίν
330 2598 438 2682 ἔφερον.
461 2597 489 2660 ολ
503 2600 533 2661 δὲ
550 2601 617 2678 μετὰ
628 2598 745 2663 τολτους
762 2599 862 2655 καλου-

597 2872 611 2901 Q
