1928 2954
135 159 184 214 168
245 155 411 206 moNYsu
435 153 786 206 HALICARNASSENSIS

133 260 217 330 ἀνέβη
244 262 289 314 τόν
316 260 415 326 ἵππον,
443 255 472 324 ός
499 249 529 328 ἦν
552 263 800 331 παρεσκευασμένος
819 255 904 335 αὖτᾷ,

133 343 179 398 ναί
193 346 334 404 ξυνίτεινεν
347 344 391 399 ἐπὶ
407 346 435 400 τό
454 344 649 415 στρατόπεδον,
673 340 790 398 Ἰαιλίσυ
809 365 836 398 τε
855 343 902 399 καί

136 429 314 501 Νομιτορίου,
341 431 391 482 τῶν
405 427 562 503 ἀγαγόντων
577 423 660 483 αὖιόν
673 430 702 482 ἐκ
715 429 764 483 τοῖ
775 430 903 502 χάρακος

135 513 287 577 νεανίσκων,
313 512 359 566 καί
373 515 431 568 τότε
446 513 722 585 συμπροπεμπόντων.
749 509 901 582 ἠκολούθει

135 590 158 648 δ’
173 592 323 658 αὐτοῖςκαὶ
337 592 416 662 όίλλος
429 599 504 666 ὄχλος
518 596 638 668 δημοτῶν
652 591 700 650 οὐκ
714 591 819 665 όλίγος·
833 592 903 652 ὥστε

134 680 195 742 τούς
212 680 369 749 σύμπαντας
384 678 455 754 οἷμφί
470 681 657 754 τετρακοσίους
675 681 815 753 γενέσθαι.

134 828 240 893 Appius
256 830 394 877 elamoris
409 827 505 893 fructa
514 829 657 895 privatur,
677 837 703 875 et
720 828 841 877 adversa
859 847 904 879 ex·

181 896 289 958 peritur
300 897 399 945 omnia.
421 895 546 945 obstante
560 895 667 944 Valerio
679 903 706 942 et
716 897 848 944 Horatio·

196 1013 362 1071 XXXVIII.
386 1012 420 1069 ‘0
434 1012 461 1069 δ’
476 1012 598 1088 ΙἌππιος,
625 1014 658 1075 ῶς
675 1017 704 1069 τό
719 1013 780 1088 περί
794 1018 842 1082 τὴν
855 1020 901 1072 τιό·

133 1119 183 1170 ρην
202 1099 302 1170 ἐπέγνω
330 1100 435 1163 πάθος,
463 1098 592 1173 άναπηόρῖ
606 1121 633 1153 τε
654 1096 710 1154 άπὸ
724 1101 773 1153 τοῦ
789 1100 902 1174 όίφρου,

133 1181 179 1236 καὶ
202 1181 303 1236 διώκειν
323 1186 370 1238 τόν
401 1179 556 1256 Οὐεργίνιον
583 1183 720 1254 ε’ροίιλετο,
747 1185 835 1239 πολλά
854 1184 902 1239 καὶ

133 1267 213 1337 λέγων
226 1265 274 1320 καί
286 1269 410 1340 πράττων
423 1263 539 1338 σ’ίκουμα.
567 1271 749 1338 περιστάντων
764 1262 792 1320 δ’
816 1263 902 1323 αὗτόν

133 1351 183 1401 τῶν
210 1351 309 1420 φίλων,
344 1350 390 1405 καί
415 1351 497 1423 μηδὲν
524 1353 715 1424 ἐξαμαρτάνειν
741 1347 899 1414 όξισόντων,

135 1429 215 1503 ιίπγίει
230 1437 296 1505 πρὸς
309 1430 429 1497 ἅπαντας
443 1433 610 1507 υἷγανακτῶν.
638 1431 689 1501 ἤδη
705 1429 731 1487 δ’
753 1431 827 1507 αὐτῷ
840 1432 899 1489 κατ’

132 1514 219 1570 οἰκίαν
234 1517 292 1571 ὄντι
314 1521 543 1590 προσαγγέλλουσι
558 1521 608 1572 τῶν
622 1520 732 1590 ἑταίρων
747 1519 830 1589 τινὲς,
856 1517 899 1574 ότι

132 1600 192 1671 περὶ
207 1603 237 1653 τό
252 1604 345 1672 πτῶμα
360 1606 405 1669 τῆς
419 1604 496 1674 κόρης
508 1602 610 1664 Ἰκίλιός
625 1622 651 1656 τε
667 1603 681 1656 ὁ
695 1601 831 1672 κηδεστὴς,
853 1604 899 1658 καί

133 1685 295 1756 Νομιτόριος
309 1685 323 1738 ό
338 1689 421 1750 θεῖος,
444 1688 492 1739 σόν
506 1690 561 1748 τοῖς
575 1682 664 1748 όίλλοις
679 1686 795 1758 ἑταίροις
810 1708 836 1740 τε
852 1687 900 1741 καί

131 1770 284 1839 συγγενέσιν
298 1771 417 1832 ἑστῶτες,
445 1773 512 1840 ῥητά
540 1767 585 1823 καί
606 1765 711 1841 όίῤῥητα
731 1765 789 1822 κατ’
812 1766 898 1826 αὐτοῦ

130 1854 247 1920 λέγουσι,
263 1850 307 1904 καί
321 1853 432 1905 καλοῦσι
450 1854 496 1905 τόν
511 1853 596 1923 δῆμον
609 1854 653 1907 ἐπί
668 1855 715 1921 την
729 1857 897 1926 ἐλευθερίαν.

131 1934 146 1987 ό
162 1929 188 1986 δ’
211 1931 254 1986 ὐπ’
275 1931 355 2006 όργῆς
366 1935 399 1998 ὡς
417 1929 480 2003 εἶχε,
508 1940 605 2007 πέμπει
620 1940 670 1991 τῶν
685 1937 845 2009 ρἀβόοόχων
860 1960 897 1993 τι·

131 2021 190 2081 νός,
216 2017 339 2082 κελεύσας
353 2018 470 2090 ῶπάγειν
483 2019 521 2084 είς
534 2022 564 2074 τό
579 2022 758 2094 όεσμωεὴριον
773 2021 836 2082 τούς
849 2042 895 2076 τιε-

128 2104 276 2174 κραγότας,
297 2102 342 2157 καί
356 2105 384 2156 τό
399 2107 494 2176 πτῶμα
506 2108 663 2178 μεταφέρειν
677 2109 704 2158 ἐκ
722 2108 764 2171 τῆς
779 2104 895 2180 α’γυρῶς·

129 2182 330 2258 ιίφρονέατατον
345 2188 455 2261 πρᾶγμα
470 2191 562 2259 ποιῶν,
590 2189 635 2242 καὶ
650 2193 704 2251 τοῖς
717 2191 775 2243 τότε
789 2194 895 2262 καιροῖς

129 2264 226 2335 ἥκιστα
258 2269 401 2340 ἁρμόττον.
436 2273 494 2326 δέον
520 2276 573 2345 γάρ
600 2270 819 2343 ἀποθεραπεύειν
848 2276 894 2326 τόν

129 2351 221 2421 όχλον,
246 2352 327 2428 όργῆς
341 2353 466 2424 εἰληφότα
487 2356 592 2410 δικαίαν
607 2359 757 2426 πρόφασιν,
787 2359 894 2418 εἴξαντα

129 2431 152 2487 δ’
167 2440 194 2488 ἐν
208 2437 243 2507 τῶ
268 2442 431 2512 παραχρῆμα
442 2441 542 2511 χρόνῳ,
575 2435 682 2513 ὕστερον
702 2443 734 2493 τά
753 2441 802 2510 μὲν
823 2438 892 2493 άπα-

121 2517 304 2594 λσγσόμειον,
333 2524 365 2579 τά
386 2523 413 2581 δὲ
432 2523 662 2601 παραιτούμενον,
689 2525 721 2576 τά
742 2519 770 2578 δ’
789 2527 892 2596 ἑτέραις

112 2605 186 2666 τισίν
212 2605 385 2694 εόεργεσίαις
407 2610 604 2691 ἀναλαβόντα,
623 2608 669 2665 ἐπὶ
693 2609 724 2662 το
752 2609 900 2673 &ww
