1928 2954
154 174 188 228 80
284 168 445 220 DIONYSII
463 166 812 221 HALICARNASSENSIS

155 295 218 329 νειν.
233 295 278 329 και
269 271 325 329 δι’
345 271 439 349 ὄλίχου
454 277 554 348 χρόνου
573 273 685 345 δύναμις
701 275 797 343 ἐξῆλθε
816 274 920 343 πλήθει

155 353 345 432 τ’άποχροῖσα,
360 359 407 416 καὶ
419 363 600 433 παρασκευαῖς
615 361 734 461 χρριμὲνη
758 359 921 433 λαμπροτά-

155 463 221 505 ταις.
236 441 322 513 οἱμὲν
337 432 387 498 οιῖν
401 446 522 514 πολέμιοι
537 441 768 517 προακούσαντες,
790 438 832 497 ὅτι
851 445 921 516 πέλ,-

154 529 247 581 λουσιν
272 522 312 581 ἐπ’
328 523 429 590 αύτούς
440 522 560 599 ἐξάγειν*
557 529 678 597 Ρωμαῖοι
693 527 831 626 στρατιάν,
846 524 920 595 άπῆ·

154 630 204 683 μον
219 605 263 664 ἐπ’
280 612 357 665 οἴκου
381 613 427 674 τάς
451 611 583 683 δυνάμεις.
611 611 638 665 οἱ
665 604 736 663 δ”
718 630 820 666 τπατοι
845 611 918 665 κατά

154 692 278 762 σπουδὴν
292 694 458 792 ἐλαύνοντες,
482 695 740 767 καταλαμβάνουσιν
753 698 918 768 ἐστρατοπε-

156 773 332 840 ύευκότας
296 780 394 843 αυτούς
408 781 508 842 πόλεως
531 775 634 833 Αντίου
652 778 766 846 πλησίον
779 781 807 832 ἐν
823 776 920 851 ύιμηληῖ

155 882 201 915 και
193 858 346 964 άπρτόμρι
354 865 449 936 χωρίῳ,
468 883 513 915 και
505 861 652 918 τίθενται
678 863 726 930 την
739 863 960 963 παρεμβσλὴκι

154 947 200 1012 τῆς
211 945 315 999 ε’κείιων
330 966 362 1000 ου
353 941 476 1018 ’.πρόσω
502 949 565 1011 τέως
578 948 628 1018 μὲι
640 934 690 1001 σύν
702 948 730 1000 ἐν
743 948 802 1010 ταῖς
815 948 919 1002 ἑαυτῶν

156 1026 288 1097 ὑπέμενον
302 1025 451 1101 άμφάτεροι
465 1028 692 1102 παρεμβολαις”
676 1050 766 1084 επειτα
778 1050 917 1102 καταφρο·

153 1113 280 1180 νήσαντες
294 1115 345 1167 τῶν
356 1108 491 1185 Ῥωμαίων
501 1111 616 1169 Αἰκανοί
626 1117 671 1183 τῆς
686 1134 718 1168 ου
710 1109 919 1189 ’προεπιχειρὴ·

155 1215 233 1271 σεως,
258 1195 304 1251 καῖ
333 1200 440 1266 πλῆθος
463 1193 513 1266 ούχ
538 1196 631 1254 ἱκανὸν
656 1191 725 1252 εἶναι
752 1199 918 1268 νομίσαντες,

155 1277 256 1353 άχοράς
269 1277 289 1335 τ’
305 1277 393 1337 αὐτῶν
406 1284 580 1356 περιέκοπτον
593 1284 710 1355 ἐξιόντες,
736 1279 783 1337 καί
796 1281 861 1344 τούς
874 1280 919 1338 ἐπὶ

155 1366 295 1437 προνομὴν
315 1363 560 1436 ἀποστελλομένους
578 1363 594 1433 ἢ
610 1369 709 1440 χόρτον
723 1364 831 1432 ῖπποις,
852 1361 915 1420 άνε-

157 1447 302 1519 κρούοντα,
323 1449 446 1523 καὶπρὸς
465 1450 572 1523 ὑδρείαν
593 1446 855 1520 καταβαίνουσιν’
826 1470 916 1520 αιφνι·

157 1532 216 1596 ίίως
231 1536 384 1589 ἐπετίθεντο
392 1529 650 1608 ,προεκαλοῦιτό’
628 1555 643 1587 τ
667 1530 703 1596 εῖς
716 1534 804 1603 μάχην
816 1535 914 1589 πολλά·

157 1638 193 1679 κις
207 1613 313 1679 αύτούς.

220 1697 323 1754 XLIV.
348 1702 442 1755 Ταύτα
469 1700 550 1771 ὅροισι
570 1704 625 1764 τοῖς
639 1700 750 1763 ὑπάτοις
763 1700 849 1755 ἐδόκει
866 1720 915 1771 μη-

156 1785 211 1837 κέτι
226 1781 373 1854 διατρίβειν
387 1786 433 1838 τὸν
447 1787 572 1854 πόλεμον.
599 1773 632 1850 ἦν
647 1780 678 1839 θ’
692 1788 720 1839 ἐν
733 1785 845 1846 ἐκείναις
858 1786 917 1847 ταῖς

156 1862 266 1938 ἡμέραις
280 1862 295 1932 ἡ
307 1870 357 1921 τοῦ
371 1870 494 1935 πολεμεῖν
506 1871 612 1929 ἐξουσία
623 1863 749 1971 Ῥοιμιλίῳ
764 1868 916 1941 προσήκου-

156 1968 206 2003 οα·
232 1948 277 2004 καί
297 1950 312 2005 ὁ
332 1952 363 2004 τά
383 1951 513 2020 σύνθημα
528 1950 624 2016 διδούς,
640 1949 685 2005 καί
699 1947 735 2014 είς
747 1953 820 2015 τάξιν
834 1954 916 2006 καθι-

157 2034 228 2099 στάς,
244 2031 333 2107 άρχειν
346 2055 372 2088 τε
385 2055 431 2089 και
422 2034 585 2090 παύεσθαι
598 2037 682 2136 μάχης
695 2036 742 2088 τὸν
756 2039 853 2108 καιρόν
867 2054 916 2087 τα

158 2116 255 2184 μιεύων
278 2119 407 2182 ἐκεῖνος’
392 2140 438 2186 ην·
467 2113 495 2182 ὀς
509 2118 644 2185 ἐπειδὴ
614 2141 647 2172 τα
660 2121 772 2220 σημεῖα
784 2121 915 2175 εκέλευοεν

159 2199 324 2271 αοθηναι
293 2223 339 2268 της
361 2205 459 2273 μάχης,
486 2199 531 2255 καί
555 2223 671 2276 προηχεν
682 2222 709 2257 εκ
723 2222 774 2255 του
799 2203 916 2277 χάρακος

160 2287 349 2387 τὸνοτρατάν,
377 2287 438 2348 τούς
462 2281 619 2355 μὲνιῖλλους
639 2284 748 2341 ἔτασσον
775 2282 864 2349 ἱππεῖς
889 2304 916 2338 τε

159 2370 202 2423 καὶ
221 2371 283 2433 τούς
302 2371 394 2434 πεζούς
413 2371 481 2424 κατά
501 2370 611 2443 σπείρας
629 2372 656 2424 ἐν
676 2372 732 2432 τοῖς
758 2368 916 2438 επιτηύείοις

156 2454 283 2516 ἑκάστους
308 2455 411 2514 τόποις
440 2453 486 2506 τὸν
510 2451 537 2505 δὲ
561 2453 671 2506 Σίκκιον
695 2453 808 2516 καλέσας
833 2454 915 2524 λέγει·

145 2533 266 2611 ,ΪΙΙμιῖς
280 2537 347 2616 μὲν,
368 2523 388 2596 ιῖι
403 2536 512 2611 Σίκκιε,
538 2535 767 2608 μσχουμεθατοις
780 2537 915 2606 πολεμιοις

137 2629 289 2694 „trem
314 2631 353 2690 σύ
376 2623 423 2707 δ’,
451 2630 477 2688 ἓν
501 2643 559 2696 οσον
573 2616 729 2692 μὲλλομει
720 2638 759 2670 m
777 2637 826 2668 και
840 2634 932 2683 πασα-
