1928 2954
151 187 430 256 ANTIQV1TATVM
452 164 662 243 'nomm
682 192 715 242 x.
795 199 829 250 ος

27 320 30 325 ·
65 290 435 360 ναῖονοῦόὲνάιιεόείξαντο,
463 290 530 350 άλλά
558 294 756 358 διασπάσαντες
783 298 829 360 τάς

63 381 155 450 τάξεις,
183 378 277 444 ἔσωζον
302 377 415 440 ἑαυτοὺς
440 373 518 435 ἄλλοι
544 376 602 434 κατ’
625 373 707 442 άλλας
734 379 828 441 όόοάς·

65 464 135 520 ἔνθα
149 462 165 518 ὁ
180 466 303 526 πλεῖστος
317 456 405 515 αὐτῶν
418 462 519 532 ἐγίνετο
535 465 625 534 φόνος.
641 460 673 518 οὗ
687 464 739 536 γάρ
759 460 830 517 οἷνίε·

66 568 118 604 σαν
133 545 159 603 οἱ
169 544 299 648 Ῥρνμαῖοι
311 548 387 618 μέχρι
402 548 496 608 νυκτός
510 545 648 610 διώκοντάς
661 567 686 601 τε
701 546 747 602 καλ
761 548 829 600 κιεί-

65 651 156 694 νοντες
169 631 230 693 τούς
249 628 447 700 ἁλισκομένους.
474 651 489 685 ο
481 629 534 685 ’δὲ
549 625 724 696 πλείστοοςτ’
741 626 829 685 αὐτῶν

65 714 242 794 διαφθείρας,
258 736 304 769 και
295 713 532 785 λαμπρότατα”
517 736 582 788 ερμα
608 711 827 817 άπρόειξάμενος,

64 802 176 861 Σίκκιος
201 795 247 865 ἢν·
268 818 296 859 ος
310 797 401 866 λπειόη
416 800 487 861 τέλος
499 798 568 872 ἑώρα
583 800 616 853 τά
630 801 682 853 τῶν
697 799 829 868 πολεμίων

64 884 173 953 ἔχοντα,
185 880 334 943 οκότοις”
318 902 394 943 οντος
413 876 478 950 ἤδη,
501 884 549 949 την
562 885 675 956 σπεῖραν
689 880 770 955 άγων,
787 881 831 937 ἐπὶ

64 970 112 1023 τόν
125 968 294 1040 κρατηθέντα
310 964 362 1020 ὖπά
374 967 448 1035 σφῶν
458 967 567 1039 χάρακα
582 964 732 1040 ἀνέστρεφε,
747 969 830 1038 μενά·

64 1057 110 1119 λης
124 1052 208 1122 χαράς
228 1050 274 1105 καλ
289 1050 390 1104 πολλοῦ
409 1052 504 1117 μεστός
523 1045 557 1104 τόν
575 1047 734 1122 αὐχήματος.
763 1050 816 1106 σῗτ

63 1133 125 1205 περὶ
138 1130 221 1189 αὐτόν
236 1131 326 1189 άθῶσί
342 1133 424 1187 τεκαὶ
439 1131 566 1203 ἀβλαβεῖς
577 1136 682 1199 πάντες,
699 1130 732 1190 οὗ
745 1135 829 1203 μόνον

66 1214 146 1274 οάόὲν
159 1219 296 1282 παθόντες
310 1206 345 1272 ὧν
360 1217 581 1284 προσεδόκησαν,
609 1215 676 1272 άλλά
689 1217 736 1273 καλ
750 1217 828 1280 δόξαν

39 1308 43 1315 ’
63 1303 284 1373 ἐπιφανεστάτην
308 1301 520 1372 ἐξενεγκάμενοι,
546 1302 649 1374 πατέρα
662 1301 709 1356 καὶ
722 1303 828 1374 σωτῆρα

64 1385 204 1449 καὶθεόν,
233 1384 279 1437 καὶ
306 1385 394 1438 πάντα
421 1385 454 1437 τά
475 1384 620 1454 τιμιώτατα
645 1381 826 1455 ὀνομάζοντες,

65 1468 206 1534 άπληστως
220 1461 290 1535 εἶχον
305 1467 455 1536 ἀσπασμῶν
480 1469 569 1521 τετοῦ
594 1466 698 1540 άνόρός,
719 1469 763 1523 καὶ
779 1471 826 1522 τῶν

66 1548 151 1607 ἄλλων
178 1551 398 1626 φιλοφρονήσεων
425 1545 531 1618 ἡδονάς.
558 1551 627 1606 ε’νόὲ
653 1548 827 1626 τούτῳκαὶὴ

63 1633 196 1704 άλλητῶν
222 1632 358 1707 Ῥωμαίων
377 1636 492 1737 φάλαγξ
517 1632 571 1688 άπό
592 1656 636 1706 της
649 1636 757 1701 διώξεως
770 1633 830 1692 άνὲιι

63 1740 177 1795 στρεφεν
191 1742 235 1774 επι
226 1718 320 1774 tdv‘
310 1722 405 1784 εαυτῆς
415 1721 532 1792 χάρακα.

129 1801 179 1858 XI
186 1800 246 1858 Vll.
272 1804 364 1858 Μέσσα
379 1824 392 1855 τ
392 1799 507 1872 ἠόη’
480 1824 569 1866 νυκτες
582 1790 658 1872 ἦσαν,
675 1804 720 1861 καὶ
735 1827 749 1860 ο
740 1805 829 1858 Σλκ-

62 1909 128 1958 κιος,
142 1889 313 1959 μνησικακῶν
327 1891 383 1950 τοῖς
400 1885 510 1951 ὑπάτοις
525 1908 569 1955 της
584 1892 628 1942 επι
619 1888 689 1943 τόν
704 1890 830 1944 θάνατον

63 1970 225 2037 άποσιολῆς,
252 1969 288 2033 εἷς
302 1973 367 2026 νοῦν
380 1972 507 2074 βάλλετριι
521 1972 570 2039 τὴν
585 1970 664 2033 δόξαν
678 1969 829 2072 άφελέοθαι

63 2057 113 2110 τοῖι
129 2055 350 2152 κατρρόώματσς.
371 2055 566 2126 κοινωσάμενος
584 2054 612 2107 όὲ
627 2059 682 2118 τοῖς
697 2051 764 2159 άμφ’
780 2051 829 2109 αὖ·

62 2144 112 2195 τὸν
126 2134 157 2204 ἢν
173 2134 222 2206 εἶχε
233 2137 372 2238 όιάνριαν,
385 2138 527 2205 ἐπειόη
488 2158 572 2199 πασιν
589 2135 703 2212 ὀρθῶς
692 2141 827 2207 εφαίνειο,

61 2246 110 2279 και
101 2208 245 2285 ‘'059229
230 2243 270 2288 ην,
296 2216 325 2282 ός
339 2241 388 2275 ουκ
402 2220 540 2291 ἐθαὺααζε
563 2241 607 2289 της
621 2242 647 2275 τε
674 2225 829 2294 φρονήσεως

61 2329 107 2363 και
125 2328 168 2375 της
184 2309 278 2377 τόλμης
294 2326 338 2359 τιν
351 2299 448 2379 άνόρα,
460 2305 547 2375 λαβὼν
563 2327 593 2359 τα
588 2300 689 2370 ὅπλα,
706 2305 829 2370 καὶτοὺς

58 2387 160 2455 ἄλλους
177 2391 303 2453 κελεύσας
330 2391 442 2461 λαβεῖν,
471 2390 575 2463 πρῶτον
591 2389 640 2459 μὲν
654 2387 827 2465 άνθρὼπους,

57 2474 143 2538 ὅσους
156 2479 183 2529 ἐν
197 2474 233 2546 τῷ
244 2476 345 2548 χάρακι
359 2475 488 2545 κατέλαβε
505 2475 555 2527 τῶν
569 2475 706 2545 Αἰκανῶν,
722 2474 768 2530 καλ
781 2474 824 2529 ἰ’π·

58 2578 142 2623 ποος,
171 2557 216 2612 καὶ
234 2560 268 2613 τά
294 2554 362 2614 άλλα
390 2556 523 2634 ὖποζάγια
549 2560 716 2633 κατέκοψεν·
740 2557 848 2612 ’ἔπειτα

49 2642 145 2711 ὖφῆψθ
171 2643 218 2704 τόν
236 2647 341 2716 σκηνάς
366 2640 464 2706 ὅπλων
481 2670 509 2707 τε
535 2646 587 2705 καὶ
600 2637 799 2716 ὲσθῆτοςᾙῖν
812 2637 871 2687 1³⁰
