1928 2954
188 191 464 261 ANTIQVITATVM
489 191 623 245 ROMAN.
644 195 707 244 LlB.
718 194 763 245 XI.
818 200 869 254 199

167 297 243 358 LXI.
267 299 374 368 Ταύτην
394 295 607 372 ἀποδειξαμένου
625 302 673 369 τήν
692 301 799 372 γνώμην
816 309 868 355 Γε-

104 387 213 449 νυκίου,
244 384 327 448 πολύς
341 386 368 444 ἐξ
380 381 505 439 ἁπάντων
520 384 630 448 ἔπαινος
642 385 759 458 ἐγίνετο·
782 383 827 437 καί
842 385 868 441 οἱ

103 463 159 540 μετ’
174 472 273 523 ἐκεῖνον
287 465 460 534 ἀνιστάμενοι
486 472 583 542 μικροῦ
600 468 655 523 δεῖν
669 471 766 530 πιόντες
784 471 867 524 ταύτα

104 555 273 627 συνεχώρουν
300 546 521 626 κρότισταεῖναι.
545 556 678 628 γράφεται
695 554 727 622 δὴ
744 555 773 607 τό
801 575 863 626 προ-

103 639 242 710 βούλευμα
258 635 311 692 ύπύ
325 639 377 692 τῶν
393 634 507 702 ύποίτεον,
523 638 570 694 καί
584 640 710 710 λαβόντες
722 634 790 693 αύτό
804 639 871 708 μετοὶ

105 726 203 789 πολλῆς
227 722 314 795 χαρᾶς
340 720 367 775 οἱ
381 719 513 794 δήμαρχοι
532 724 678 794 προῆλθον
691 720 727 786 εἷς
742 723 789 792 την
805 719 870 794 όγο-

103 808 161 880 ρόν.
189 805 279 862 ἔπειτα
299 808 455 868 καλέσαντες
474 807 503 859 τό
524 810 631 875 πλῆθος
651 809 687 871 εἲς
707 807 755 874 τὴν
776 807 870 873 ε’κκλη-

103 895 178 956 σίαν,
192 891 306 951 πολλούς
321 889 443 945 διέθεντο
467 893 512 959 τῆς
531 893 634 963 βουλῆς
660 891 802 960 ἐπαίνους,
825 888 870 944 καί

104 977 294 1050 παραγγέλλειν
308 977 356 1042 τὴν
370 973 453 1048 ιίρχὴν
473 978 591 1031 ἐκέλευον
607 979 664 1038 τοῖς
675 978 803 1031 ἐθέλουσι
817 977 868 1029 τῶν

103 1060 258 1130 δημοτικῶν,
273 1053 329 1130 ἅμα
345 1064 400 1122 τοῖς
412 1061 571 1133 πατρικίοις.
593 1055 663 1115 οὕτω
676 1055 703 1114 δ’
729 1055 783 1134 ίίρα
797 1061 868 1114 κού-

102 1147 157 1211 ιμόν
171 1165 196 1198 τι
214 1145 328 1219 πρῶγμιί
342 1147 414 1198 ἐστιν
428 1145 564 1212 ἐπιθυμία
584 1144 645 1212 δίχα
665 1145 748 1216 λόγου
762 1145 867 1215 γινομὲ·

104 1250 146 1296 νη,
165 1228 211 1282 καί
224 1229 291 1296 ταχύ
302 1231 471 1298 μεταπίπτον
484 1227 528 1281 ἐπί
543 1229 649 1300 θότερα
662 1231 738 1301 μέρη,
752 1229 868 1298 μα’λιοτα

103 1311 131 1366 δὲ
146 1309 159 1380 ἦ
175 1316 226 1366 τῶν
240 1311 337 1380 ὄχλων·
359 1306 425 1365 οἷσθ’
449 1310 475 1364 οἱ
497 1311 557 1384 περὶ
582 1314 683 1376 παντός
709 1310 868 1380 ποιούμενοι

105 1399 164 1458 τέως
177 1398 224 1463 τῆς
238 1392 318 1468 ιλρχῆς
330 1397 504 1466 μεταλαβεῖν,
534 1396 580 1451 καί
594 1393 616 1449 εί
628 1397 665 1466 μη
682 1395 779 1460 δοθείη
795 1390 865 1449 τοῦτ’

103 1475 196 1543 ιτύτοῖς
224 1477 276 1533 ύπό
301 1481 351 1532 τῶν
378 1479 542 1550 πατρικίων,
569 1478 867 1552 ἢκαταλείψοντεςτην

103 1565 194 1630 πόλιν,
215 1561 249 1625 ῶς
263 1565 407 1634 πρότερον,
436 1559 452 1629 ἢ
465 1563 510 1619 διαί
524 1566 575 1618 τῶν
590 1560 678 1619 ὅπλων
692 1559 760 1618 αύτό
774 1566 865 1634 ληψό-

102 1668 185 1720 αεναι,
212 1646 301 1714 ἐπειδὴ
332 1650 359 1702 τό
385 1648 547 1720 συγχώρημα
572 1647 680 1720 ίλαβον,
708 1644 865 1715 οἷπέοτησαν

102 1728 186 1794 εὐθύς
199 1734 245 1799 τῆς
257 1733 413 1802 ἐπιθυμίας,
429 1730 476 1787 καί
491 1735 536 1796 τός
550 1733 673 1795 οπουδιίς
686 1729 730 1786 ἐπί
743 1733 864 1804 θάτερον

100 1818 254 1888 μετέβαλον.
279 1819 381 1871 πολλῶν
400 1837 429 1888 γε
446 1816 478 1885 δὴ
494 1839 518 1871 τι
533 1817 685 1890 δημοτικῶν
708 1819 864 1890 παραγγελ-

99 1904 199 1957 λόντων
214 1903 261 1970 την
273 1903 435 1975 χιλιαρχίαν,
459 1902 503 1957 καί
518 1901 787 1972 κατεοπουδασμὲνας
800 1920 865 1954 ποι-

100 1989 218 2056 ουμένων
232 1986 278 2048 τιίς
292 1984 399 2052 δεήσεις,
414 1980 510 2040 ούδένα
523 1989 568 2053 τῆς
581 1989 661 2054 τιμῆς
674 1985 773 2053 ταύτης
786 1979 861 2046 όξιον

100 2065 167 2123 εἶναι
184 2069 332 2140 ὑπέλαβον·
359 2067 427 2124 αἷλλιλ
443 2071 581 2140 γενόμενοι
595 2072 640 2135 τῆς
655 2069 750 2140 ιμίμμον
762 2068 859 2140 κύριοι,

99 2154 161 2216 τούς
175 2157 203 2206 ἐκ
217 2154 268 2206 τῶν
282 2156 428 2226 πατρικίων
442 2155 580 2216 μετιόντας
593 2148 677 2217 ταύτην
690 2147 789 2223 όίνόρας
802 2155 860 2206 ἐπι·

98 2241 198 2307 φανείς,
211 2238 363 2307 χιλιάρχους
377 2232 609 2300 ἀποδεικνύουσιν,
625 2223 716 2291 Αύλον
732 2236 860 2310 Σεμπρῶ·

98 2344 157 2375 νιαν
168 2316 332 2395 Ἀτρατῖνον,
361 2320 406 2376 καί
418 2320 540 2377 Λούκιον
556 2315 667 2376 Ἀτίλιον
679 2322 799 2393 Λόγγου,
814 2319 861 2375 καί

101 2408 182 2460 Τίτον
195 2403 315 2462 Κλύσιον
331 2406 451 2460 Σικελόν.

166 2486 254 2545 LXII.
293 2476 376 2545 Ούτοι
409 2490 656 2562 παραλαμβάνουσι
683 2490 785 2562 πρῶτοι
811 2490 859 2558 τήν

99 2571 376 2647 ῶνθύπατονοῗρχὴν,
404 2576 473 2628 κατιί
486 2575 532 2630 τόν
557 2573 648 2651 τρίτον
677 2571 806 2629 ἐνιαυτόν
822 2573 875 2633 κύτει

91 2653 271 2726 ν’γδννκοντηῖι
293 2657 341 2714 καί
367 2660 499 2736 τετάρτης
525 2656 727 2737 ὀλυμπιάδος,
750 2652 900 2726 &ww
