1928 2954
122 188 401 255 ANTIQVITATVM
417 186 553 239 ROMAN.
575 189 639 238 Lm.
656 188 715 240 xli.
766 194 816 249 207

55 293 129 348 λείων
148 297 332 356 κελευσθέντες
347 295 482 367 χρησμῶν.
505 295 584 356 νόσοι
597 296 651 367 γάρ
666 316 703 358 ττι·
716 297 816 368 λοιμώ-

56 377 101 446 όης
114 381 241 451 γενομένη
254 379 427 449 θεόπεμπτός
440 398 466 432 τε
480 377 524 433 καί
539 376 591 433 ὑπό
608 381 695 446 τέχνης
709 376 815 451 ἄνθρω-

55 462 132 530 πίιης
158 459 268 525 σίνίατος
292 459 449 530 εἶςξὴτησιν
474 457 572 526 αὐτοὺς
585 457 671 535 ἤγαγε
684 465 736 518 τῶν
748 487 815 536 χρη-

53 540 317 617 σμῶν.’1ο“κόσμησόν
336 565 362 600 τε
382 547 519 617 στρωμνιίς
540 550 622 617 τρεῖς,
648 545 682 610 ὡς
695 550 817 603 ἐκέλευον

54 628 82 685 οἱ
92 629 217 701 χρησμοί,
233 633 299 702 μίαν
314 630 361 701 μὲν
371 624 512 685 Ἀπόλλωνι
530 630 576 685 καί
594 635 696 700 Λητοῖ,
725 635 812 704 ότὲραι

55 712 216 786 όέᾟρακλεῖ
229 714 274 770 καλ
285 709 427 786 Ἅρτίμιόι,
443 715 535 786 τρίτην
550 714 578 769 όὲ
592 711 680 787 Ἑρμῇ
694 715 739 771 κοιλ
753 724 818 772 Πο-

53 798 175 854 σειόσλνι·
190 798 234 853 καί
250 799 381 854 όιετίλουν
395 792 437 869 ἐφ’
464 793 562 871 ἡμέρας
575 803 642 853 ἑπτα
657 798 776 875 δημοσίᾳ
792 823 817 857 τε

53 880 168 946 θύοντες
181 882 226 938 καί
241 880 298 956 ἷιλίᾳ
312 877 370 937 κατ’
385 881 486 936 οίκιίιιν
501 881 615 956 δύναμιν
635 878 751 948 ἅπαντες
762 890 816 950 τοῖς

53 970 130 1029 θεοῖς
143 963 334 1041 ἀπαρχόμενοι,
361 968 492 1031 ἑστιάσεις
515 987 542 1021 τε
555 970 746 1041 λαμπροτάτας
759 973 816 1025 ίπι-

53 1052 200 1116 τελοῦντες,
225 1053 271 1108 κοιλ
290 1055 368 1117 ξένων
392 1052 455 1115 τοὺς
474 1052 729 1125 παρεπιδημοῦντας
748 1052 817 1110 ὕπο-

53 1134 198 1207 δεχόμενοι.

117 1218 153 1275 X.
177 1221 312 1276 Πείσων
331 1219 388 1275 όὲό
405 1222 549 1291 Ίίμητικός
562 1223 590 1274 ἐν
604 1225 660 1285 τοῖς
673 1223 818 1285 ἐνιαυσίοις

56 1300 228 1376 ἀναγραφαῖς
241 1305 288 1359 καὶ
301 1299 376 1358 ταῦτ’
392 1303 429 1358 ότι
440 1305 637 1375 προστίθησιν·
653 1301 695 1361 ότι
707 1308 816 1376 λελυμέ-

56 1408 106 1442 νων
121 1391 168 1457 μὲν
183 1390 234 1442 τῶν
252 1389 428 1460 θεραπόντων
456 1384 537 1452 ὅσους
563 1391 694 1464 πρότερον
721 1394 749 1445 ἐν
763 1394 817 1453 τοῖς

57 1470 166 1542 όεσμοῖς
179 1465 249 1541 εἶχον
263 1471 289 1526 οἱ
305 1473 446 1537 όεοπόται,
467 1473 645 1541 πληθυοόοης
658 1472 739 1542 όχλου
748 1478 817 1538 ξενι-

57 1559 107 1610 κοῦ
124 1559 167 1624 τῆς
181 1557 295 1622 Πόλεως,
324 1551 550 1627 ἀναπεπταμένων
577 1559 628 1611 τῶν
655 1555 745 1613 οἰκιῶν
773 1557 817 1612 όιιί

56 1635 155 1712 ἡμέρας
169 1660 196 1694 τε
210 1639 256 1695 καί
273 1642 376 1705 νυκτός,
397 1638 442 1694 καί
457 1640 518 1709 όίχα
533 1641 667 1705 κωλύσεως
682 1638 817 1697 εἰσιόντων

57 1729 93 1788 τίς
108 1719 191 1786 αότολς
205 1725 256 1781 τῶν
267 1725 452 1797 βουλομένων,
474 1719 537 1780 οὔτε
548 1727 638 1800 χρῆμα
654 1721 732 1781 οὗόέν
747 1723 816 1782 εἰπο-

56 1810 194 1864 λωλεκίναι
216 1830 255 1874 τις
271 1803 416 1883 ᾐτιάσατο,
444 1805 508 1864 οόττ
523 1806 675 1879 ἠδικῆσθαί
692 1833 752 1867 τινα
774 1808 816 1865 ὑπ’

56 1888 180 1959 οιίόενός,
195 1891 284 1949 καίτοι
306 1896 392 1949 πολλοί
409 1897 499 1965 φέρειν
519 1891 656 1950 εἰωθότων
680 1897 817 1967 πλημμελῆ

55 1976 102 2033 καί
115 1978 265 2051 παροίνοιια
278 1979 330 2033 τῶν
350 1978 479 2052 ἑορταίων
491 1979 592 2051 καιρῶν
605 1978 650 2033 όιοί
663 1980 709 2042 τοίς
722 1981 816 2063 μέθας,

256 2122 359 2175 Albani
378 2122 454 2173 lacus
474 2125 635 2175 exundatio.

120 2224 171 2285 Xl.
199 2223 377 2292 Οὗιεντανοός
389 2227 606 2303 πολιορκούντων
621 2225 758 2302 Ῥωμαίων
772 2252 816 2286 πε·

56 2312 82 2387 ρί
97 2314 146 2382 την
159 2314 284 2381 ίπιιολην
299 2315 347 2368 τοῦ
360 2313 464 2378 Κυνός,
493 2309 539 2368 ότι
550 2314 666 2385 μάλιστα
686 2315 777 2385 λίμναι
791 2336 817 2370 τι

55 2398 223 2453 ἐπιλείπουσι
250 2397 295 2453 καί
314 2396 435 2469 ποταμοί
461 2400 569 2464 πάντες,
597 2393 615 2453 ὅ
634 2418 659 2453 τι
678 2400 716 2471 μή
736 2402 817 2472 μόνος

55 2481 69 2536 ό
83 2479 231 2554 Αἰγύπτιος
246 2485 357 2549 Νεῖλος,
382 2484 459 2555 λίμνη
474 2504 519 2548 τις,
536 2479 674 2552 ολπίχουσοι
688 2486 733 2552 τῆς
748 2482 817 2539 Ῥώ-

55 2587 103 2635 ιιης
119 2560 152 2622 οὗ
163 2568 239 2636 μεῖον
249 2559 293 2639 ρκ’
310 2566 426 2623 σταόλων
436 2570 464 2622 ίν
477 2569 533 2631 τοῖς
543 2560 682 2641 Ἀλβανοῖς
690 2571 827 2634 καλουμ-

51 2670 108 2710 νοις
118 2649 202 2721 ὄρεσι.
217 2647 284 2725 παρ’
292 2639 318 2726 ,ἦ
328 2655 359 2710 τό
373 2651 495 2731 α’ρχαῖον
514 2649 532 2727 ἦ
559 2656 614 2714 τῶν
627 2649 780 2729 Ῥωμαίων
800 2668 852 2715 W
