1928 2954
142 194 193 250 195
264 183 422 234 υτονυευ
442 147 798 235 πεοισενυοεετυετέ

143 295 243 362 ,,ύ’ντας
257 291 332 367 παρά
346 294 401 355 τοῦς
415 290 584 362 δημοτικοῖς,
597 288 630 354 ὥς
643 284 723 346 οῦδὲν
739 288 806 365 ύπέρ
822 285 912 345 αύτῶτ

143 380 285 456 ,,χρηστύν
305 371 369 434 οῦτε
394 377 533 451 λέγοντας,
554 369 617 429 οῦτε
636 376 823 449 φρονοῦντας,
849 371 912 431 ἀλλ’

144 470 190 535 ,ἐκ
210 467 261 519 τῶν
282 464 412 536 νεωτέρων
427 459 489 523 τούς
504 460 653 523 δοκοῦντας
666 453 735 514 εἶναι
755 457 912 531 φιλοδημο-

144 552 301 614 ,,τάτους.“

211 631 287 688 le.
307 627 500 702 ιλ’ποαγόμενος
519 629 546 683 δέ
571 630 673 694 ταῦτα,
701 633 747 685 καλ
762 630 827 693 δούς
840 633 913 694 έξου·

145 721 208 774 σίαν
222 720 276 780 τοῖς
290 716 467 788 βουλομένοις
487 718 586 786 λέγειν,
612 714 703 781 ἐπειδὴ
719 710 781 770 οῦτε
795 737 912 790 κατηγο·

145 804 242 874 ρὴσων,
262 795 318 855 οὔτ’
333 797 569 873 ἀπολογησόμενος
579 801 664 861 ουδεις
680 820 746 872 υπερ
761 801 810 854 τοῦ
826 801 913 872 νόμου

145 883 251 959 παρῄει,
273 885 416 959 παρελθὼν
432 872 516 947 αὖθις
530 882 616 958 ἐρωτᾷ
629 886 734 957 πρῶτον
751 879 910 959 Οῦαλέριον,

145 973 170 1024 τί
184 971 219 1042 τῷ
237 969 317 1040 κοινῷ
341 970 489 1039 συμφέρει,
514 968 558 1023 καλ
587 969 613 1022 τέ
639 970 844 1042 προβουλεῦσαι
858 973 914 1033 τοῖς

146 1053 282 1126 συνέδροις
308 1056 443 1124 παραινεῖ,
471 1052 485 1107 ὁ
509 1048 536 1106 δ’
562 1048 693 1120 ἀναστάς,
722 1052 768 1109 καί
795 1055 913 1118 πολλοῦς

146 1137 286 1200 διεξελθὼν
302 1135 368 1210 ύπέρ
383 1135 468 1192 αὑτοῦ
483 1158 510 1191 τε
527 1135 571 1192 καί
585 1138 637 1191 τῶν
650 1140 792 1212 προγόνων
805 1140 911 1214 λόγους,

146 1221 234 1285 ὦςέπλ
256 1221 293 1295 τῷ
320 1224 486 1295 συμφέροντι
503 1226 549 1291 τῆς
575 1223 673 1285 πόλεως
686 1225 735 1278 τοῦ
764 1223 912 1294 δημοτικοῦ

145 1309 242 1381 μέρους
256 1310 467 1381 προϊσταμένων,
476 1307 522 1361 καί
534 1309 809 1381 καταριθμησάμενος
823 1304 912 1364 ἀπαν-

146 1413 193 1454 τας
206 1395 232 1456 ἐξ
245 1389 326 1464 ἀρχῆς
340 1392 402 1457 τούς
415 1394 598 1460 κατασχόντας
608 1393 655 1458 την
667 1393 745 1446 πόλιν
758 1389 910 1465 κινδύνους,

146 1480 173 1529 ἐκ
187 1479 238 1530 τῶν
252 1472 383 1529 τάναντία
397 1477 639 1546 πεπολιτευμένων,
669 1481 724 1541 τοῖς
738 1470 757 1531 τ’
784 1474 911 1546 ἀπεχθῶς

145 1565 268 1631 ἐσχηκόσι
281 1565 348 1633 πρὸς
361 1562 390 1614 τό
407 1560 550 1631 δημοτικόν
569 1555 685 1633 ἅπασιν,
700 1559 851 1623 ἀλυσιτελὲς
863 1583 911 1631 γε-

146 1648 256 1717 νόμενον
271 1642 412 1707 ἀποδείξας
427 1646 456 1698 τό
469 1644 634 1716 μισόδημον·
661 1645 789 1708 έπαίνους
805 1667 830 1700 τε
845 1649 911 1700 πολ·

145 1731 206 1794 λούς
220 1727 279 1800 περί
294 1731 342 1782 τοῦ
363 1728 451 1797 δήμου
476 1730 669 1799 ποιησάμενος,
699 1728 732 1794 ὡς
746 1726 910 1784 αἰτιωτάτου

145 1810 177 1884 τῇ
191 1815 265 1867 πόλει
282 1815 423 1883 γεγονότος
442 1808 475 1867 ού
494 1814 578 1885 μόνον
597 1816 642 1880 τῆς
656 1815 825 1889 ἐλευθερίας,
843 1811 910 1867 ἀλλά

145 1896 190 1951 καί
204 1899 248 1965 τῆς
261 1891 417 1969 ἡγεμονίας·
441 1896 498 1951 ἐπεὶ
513 1897 540 1952 δέ
563 1901 648 1951 ταῦτα
668 1897 714 1951 καί
733 1899 910 1972 παραπλήσια

145 1979 250 2043 τούτοις
264 1980 395 2053 διεξῆλθε,
419 1984 544 2036 τελευτῶν
559 1981 609 2053 ἔφη
621 1983 659 2054 μὴ
674 1982 814 2037 δύνασθαι
833 1984 910 2037 πόλιν

144 2067 290 2138 ἐλευθέραν
316 2060 397 2131 εἶναι,
425 2070 452 2130 ἐξ
471 2053 661 2135 ῦςάνιιςτην
687 2061 788 2135 ίσότητ’
815 2063 909 2140 ἀνέλῃ·

143 2147 192 2217 ἔφη
208 2170 234 2201 τε
249 2150 337 2204 δακεῖν
362 2151 449 2222 ἑαυτῷ
470 2152 516 2205 τόν
531 2153 579 2221 μέν
603 2153 686 2222 νόμον
712 2150 818 2205 δίκαιον
831 2145 908 2216 εἶναι,

142 2235 189 2287 τὸν
204 2231 329 2297 ἀξιοῦντα
345 2235 413 2288 πάσι
430 2232 570 2305 Ῥωμαίοις
589 2239 706 2306 μετεῖναι
720 2238 765 2303 τῆς
781 2234 910 2303 ύπατικῆς

141 2315 232 2389 ἀρχῆς,
247 2322 303 2382 τοῖς
316 2339 344 2388 γε
361 2318 391 2385 δη
415 2320 478 2389 βίον
501 2319 683 2388 ἀνεπίληπτον
696 2320 837 2389 ἐσχηκόσι,
866 2316 909 2373 καί

142 2405 249 2469 πράξεις
275 2401 508 2474 ἀποδεδειγμένοις
521 2406 567 2471 τῆς
593 2408 670 2474 τιμῆς
696 2403 796 2471 ταύτης
819 2402 908 2467 ἀξίας·

141 2486 189 2537 τόν
204 2485 232 2538 δὲ
247 2489 342 2557 καιρόν
356 2484 405 2541 οῦκ
420 2487 569 2556 ἐπιτήδειον
583 2484 619 2551 εἰς
634 2491 679 2555 την
695 2484 781 2543 αὐτοῦ
796 2488 908 2562 διάγνω·

136 2592 189 2640 σιν,
203 2575 231 2628 ἐν
246 2573 402 2647 πολεμικαῖς
416 2569 588 2648 ύπαρχούσης
600 2577 728 2645 ταραχαῖς
741 2576 787 2642 τῆς
800 2574 906 2636 πόλεως·

128 2660 320 2740 συνεβούλευέ
350 2684 379 2720 τε
391 2664 453 2727 τοῖς
481 2661 527 2733 μὲν
551 2656 697 2728 ῦηυύολνῑὲ
721 2653 824 2720 {32va
838 2673 917 2703 *m-
