1928 2954
175 182 227 238 270
304 177 464 231 DIONYSII
483 175 825 231 HALICARNASSENSIS

177 283 281 338 στοίτων
294 280 416 357 ὄλεθρον.
436 278 460 337 εἷ
470 284 519 353 μίν
531 265 596 349 ούν,
614 281 731 354 ἔφασαν,
758 284 862 356 ίμειναν
875 285 903 338 ἐν
916 269 938 356 ᾧ

178 368 326 439 κατέσκηψε
336 367 424 439 χωρίῳ
438 368 467 420 τό
480 368 565 438 βέλος,
593 367 620 422 οἱ
633 370 785 436 κατέχοντες
798 362 872 431 αύιό,
890 365 938 421 καλ

178 449 213 517 αὴ
225 452 419 522 μετηνέγκαντο
434 452 466 504 τοί
480 453 575 520 σημεῖα
588 449 622 514 εύς
635 451 697 513 τούς
710 451 822 526 ἑτέρους,
834 450 897 521 μιᾶς
910 469 937 504 τι

179 533 352 606 παρεμβολῆς
365 529 476 602 όλώσει,
498 530 543 587 καὶ
560 536 618 596 ἑνός
631 529 736 609 ὀλέθρῳ
754 535 885 606 στρατού,
905 535 936 588 τό

179 617 293 685 νεμεσῶν
305 611 397 678 αύτσῖς
411 615 550 685 δαιμόνιον
563 613 750 691 ἀπεπλήρωσεν
769 612 802 670 όν
816 617 861 672 τόν
884 617 938 683 χό-

179 702 242 753 λον·
255 697 345 764 ίπειόὴ
361 697 402 767 όὲ,
423 697 571 771 σοφώτεροι
584 699 634 752 τῶν
647 702 720 755 θεῶν
738 694 807 753 εἶναι
825 699 937 767 ζητοῖεν·

179 801 231 844 τες,
247 777 283 845 εἷς
295 783 342 834 τόν
367 777 455 854 ἕτερον
479 783 585 854 χάρακα
602 781 936 855 μετεστρατοπεδεύσαντο,

179 864 366 925 καταλιπόντες
378 861 475 935 ἔρημον
490 867 536 917 τόν
550 865 644 930 τόπον,
667 863 701 929 ὡς
715 860 747 920 ού
762 868 816 934 τοῖς
828 862 935 935 ἀνθρώι

178 966 239 1006 ποις
257 948 306 1000 τού
325 948 394 1000 θεοῦ
417 946 617 1020 προόηλούντος
637 948 683 1010 τός
702 949 850 1019 σύμφορός,
867 944 936 1001 ἄλλοί

179 1031 233 1091 τοῖς
246 1029 351 1094 τόποις,
365 1031 454 1092 κοινός
467 1024 570 1084 ἅπασιν
584 1025 677 1094 αύτοῖς
696 1031 711 1085 ό
726 1033 800 1103 παρα·
813 1031 861 1085 τού
876 1030 934 1084 ύαί·

179 1132 258 1174 αονσς
272 1106 325 1178 ἥξει
335 1114 425 1180 χόλος,
443 1115 498 1176 τοῖς
512 1108 534 1166 τ’
547 1109 722 1168 όπαναστᾶσι
740 1111 852 1176 καὶτοῖς
866 1111 933 1167 ὕπο-

180 1194 339 1265 όεξαμίνοις.
363 1195 410 1249 καὶ
423 1196 512 1263 ἐπειόή
527 1192 625 1251 ἁλῶναι
639 1198 713 1265 σφῶν
727 1198 772 1251 τόν
786 1191 874 1268 ἕτερον
884 1197 933 1263 χοί-

177 1299 248 1350 ρακα
261 1280 309 1352 βίᾳ
323 1279 401 1341 θείας
413 1279 636 1348 ἐπιθεσπιζούσης
649 1277 778 1352 ύνοὶμκης,
800 1274 832 1332 ού
848 1282 933 1352 περιί-

178 1381 272 1424 μειναν
303 1363 332 1416 τό
362 1361 459 1434 χρεὼν,
493 1357 554 1417 αλλ’
587 1357 665 1418 αἰτοὶ
696 1361 849 1436 παρέδοσαν
877 1381 933 1425 τοις

177 1447 336 1516 εχθροῖς,’
324 1448 421 1508 εκεῖνσς
440 1445 580 1518 όχοίραξό
564 1446 640 1500 στὸν
664 1444 877 1514 ἐκλειφθέντα“
865 1465 932 1499 οπο·

180 1528 331 1597 δεξόμενος,
356 1524 415 1581 αντί
428 1531 476 1582 τού
489 1530 717 1598 καταλειφθέντος
732 1515 861 1583 ύλώσεται
883 1528 933 1600 βίᾳ

178 1611 331 1682 κρατηθείς.

245 1690 308 1747 Vll.
336 1695 428 1746 Ταῦτα
447 1696 520 1797 παριί
538 1696 589 1748 τῶν
609 1694 728 1764 μάντεων
749 1714 775 1749 οι
797 1695 933 1798 Ἰνρρηνοί

179 1774 347 1839 ἀκούσαντες,
360 1796 432 1849 μερει
445 1776 498 1832 τινι
510 1780 553 1846 τῆς
564 1781 665 1833 ἑαυτῶν
680 1781 802 1854 στρατιᾶς
816 1779 863 1845 τὴν
875 1781 935 1861 ἕρη-

177 1856 343 1928 μαιθεῖσαν’
331 1859 383 1913 νπό
406 1855 541 1931 Ρωμαίων
555 1863 808 1932 καταλαμβάνονται
822 1881 934 1959 στρατο·

178 1939 338 2013 πεύείανᾙ
320 1964 354 2006 ως
365 1943 530 2015 ἐπιτείχισμα
543 1946 762 2015 ποιησόμενοι”
731 1964 776 2010 της
789 1949 885 2017 ετερας
900 1965 933 2011 ην

179 2021 206 2076 όὲ
220 2025 292 2077 πάνυ
304 2027 398 2099 εχνρόν
410 2047 441 2080 το
432 2027 561 2101 χωρίον,
589 2027 633 2081 καὶ
645 2029 699 2089 τοῖς
710 2023 784 2080 ἆπό’
780 2026 874 2099 Ριύμης
887 2026 932 2082 ἐπὶ

178 2127 206 2160 το
198 2107 436 2179 σιρατότεύον
427 2111 500 2164 ισύσι
520 2108 651 2173 κωλύσεως
664 2113 691 2162 ἐν
718 2110 788 2164 καλαί
801 2111 931 2180 κείμενον.

177 2192 450 2261 πραγματευσάμενοι
464 2192 492 2246 όὲ
516 2214 560 2247 και
551 2187 670 2256 ταλλα,
689 2189 762 2253 ἕξων
776 2193 932 2260 πλεονεκτή-

178 2293 233 2327 σειν
247 2273 308 2338 τούς
330 2275 472 2346 πολεμίους
487 2274 607 2344 ε’μελλον,
628 2277 720 2346 ἐξῆγον
743 2273 777 2337 εἷς
791 2279 821 2331 τό
837 2276 930 2330 πεόίον

177 2358 223 2419 τιίς
237 2354 368 2424 όννοίμεις.
392 2359 525 2456 μενόντων
544 2358 572 2411 όὲ
591 2360 641 2412 τῶν
658 2353 793 2429 Ῥωμαίων
810 2354 850 2431 ἐφ’
865 2355 932 2427 ἡσυ-

173 2437 241 2504 χίας,
250 2439 476 2511 προσιππεύοντες
488 2443 514 2502 ἐξ
526 2434 614 2494 αύτῶν
627 2461 654 2494 οι
643 2439 870 2544 “τολμηρότατρι,
885 2462 932 2494 και

164 2519 284 2582 πλησιον
299 2523 346 2578 τού
358 2522 477 2601 ρόρακος
490 2520 640 2595 ἱστάμενοι,
652 2519 818 2624 γυνμῖκιίςτ
832 2522 932 2580 όπεκεί·

147 2597 259 2653 lovr'
232 2625 376 2682 απαντοις,
385 2608 433 2670 ιιαῖ
447 2611 512 2679 τούς
526 2604 709 2688 ἡγεμόνας
679 2609 767 2664 αστύεν
772 2605 940 2681 τόιςύεικοε
