1928 2954
180 185 457 254 ANTIQVl'l'ATVM
477 184 613 235 ROMAN.
634 187 697 237 ΜΒ.
707 188 753 238 XI.
810 195 861 252 197

93 294 203 366 γραφὴν
221 295 351 365 γενέσθαι
370 294 420 347 τῶν
441 294 624 365 στρατιωτῶν,
650 284 696 347 καί
711 295 758 359 την
771 293 861 352 ἔξοδον

93 380 129 448 μη
150 377 257 432 κωλύειν
278 381 328 432 τῶν
347 379 587 452 καταγραφέντων·
610 381 665 441 τοῖς
687 377 714 435 δλ
739 378 859 448 ὑπάτοις,

94 460 161 517 ὅταν
173 464 204 517 τὸ
219 463 363 536 κράτιστον
378 464 450 526 τέλος
464 463 584 517 ε’πιθῶοι
598 462 634 533 τῷ
649 465 768 534 πολέμῳ,
785 467 859 537 πρῶ-

92 567 140 602 τον
160 545 286 601 ἁπάντων
307 547 337 600 τὸ
359 546 419 619 περί
440 548 489 600 τοῖν
512 548 596 617 νόμου
615 546 809 620 προβούλευμα
825 547 860 612 εἷς

93 634 140 686 τὸν
168 632 253 702 δῆμον
279 635 429 704 ἐξενεγκεῖν.
453 635 539 686 ταῦτα
561 631 588 684 δὲ
601 634 743 703 γραφῆναί
757 653 782 686 τε
809 627 858 700 ἤδη

93 716 139 771 καὶ
154 716 387 788 διομολογηθῆναι
401 718 467 788 πρὸς
481 713 647 788 ἀμφοτέρων.
667 715 777 784 Ίάιίιην
790 715 856 771 ἀτο-

95 802 248 874 δειξιιμένου
261 804 310 868 τήν
324 802 431 872 γνώμην
449 797 606 873 Οὐαλερίου,
623 799 669 854 καί
682 801 749 869 μετιί
763 804 860 856 τοῦτον

101 887 233 960 Ορατίου·
257 878 379 957 δεδτέρον
392 887 445 958 γιὶρ
464 884 550 956 τούτῳ
572 885 653 956 λόγον
678 883 819 942 ἀπέδωκαν
833 885 861 941 οἱ

94 967 212 1025 ώτατοι·
237 968 319 1026 ταάτό
346 972 437 1033 πάθος
451 966 537 1025 ἀπασι
549 973 604 1032 τοῖς
618 974 738 1043 παροῦσι
752 973 851 1041 συνέβη

96 1055 124 1110 οῖ
137 1056 184 1125 μὲν
197 1057 249 1128 γάρ
264 1053 365 1109 ἀνελεῖν
379 1057 427 1109 τδν
440 1056 524 1127 νόμον
537 1056 710 1126 βουλόμενοι,
728 1057 775 1124 τήν
790 1052 857 1109 ἀνα«

95 1142 179 1212 βολήν
193 1144 238 1208 τῆς
252 1140 312 1212 περί
334 1135 419 1195 αὐτοῦ
439 1137 602 1210 διαγνώσεως
618 1135 760 1210 ἀγαπητῶς
774 1138 856 1194 ἀκού-

95 1245 202 1290 σαντες,
216 1226 247 1278 τὸ
261 1226 327 1294 μετιλ
344 1227 391 1278 τόν
406 1225 525 1286 πόλεμον
538 1223 688 1294 ἐπάναγκες
702 1217 771 1277 εἶναι
785 1224 860 1292 σφίσι

95 1310 297 1378 προβουλεῦσαι
314 1308 373 1380 περὶ
388 1303 484 1370 αὐτοῖν,
507 1309 627 1374 χαλεπῶς
643 1304 813 1370 ἀπεδέξαντο·
837 1305 863 1361 ολ

98 1392 125 1446 δὲ
140 1391 232 1466 κύριον
248 1389 300 1446 ὑπὸ
320 1393 367 1444 τοῦ
381 1390 523 1463 συνεδρίου
538 1394 667 1463 κριθῆναι
681 1391 862 1464 προαιρούμε-

97 1499 148 1541 νοι,
165 1476 257 1546 τὸμὲν
284 1474 491 1548 ὡμολογημένον
508 1475 612 1529 δίκαιον
627 1471 694 1529 εἶναι
710 1478 756 1531 τὸν
770 1477 863 1547 νόμον,

98 1559 217 1633 ἀσμένως
231 1554 347 1627 ἤκουον·
375 1563 405 1615 τὸ
427 1556 454 1614 δ’
476 1558 626 1633 είςὲτὲρους
652 1560 789 1615 ἐκπίπτειν
801 1562 863 1631 χριί·

102 1664 162 1709 νους
176 1647 205 1700 τὸ
220 1643 424 1716 προβούλευμα,
441 1645 506 1716 πρὸς
518 1639 601 1716 ὄργην
617 1646 778 1716 ἐλάμβανον.

167 1727 231 1785 LX.
258 1727 442 1800 Θορίβουδέ,
471 1723 536 1799 ὅπερ
551 1725 691 1791 εἶκός,ε’πί
715 1731 748 1802 τῇ
772 1731 864 1801 γνώμη

98 1816 256 1887 γενομένου,
286 1814 330 1867 διαὶ
345 1817 374 1868 τὸ
388 1815 425 1885 μη
440 1814 507 1866 πῶοι
522 1817 576 1875 τοῖς
589 1816 694 1883 μέρεσιν
708 1812 791 1882 αὐτῆς
804 1808 864 1867 ιδα-

99 1903 199 2001 ρεσγεῖν
226 1896 407 1970 ἀμφοτέρους,
435 1897 579 1999 παρελθών
603 1897 617 1952 ὁ
644 1894 747 1962 ὕπατος
774 1901 864 1969 τρίτον

100 1981 187 2058 ἠρώτα
203 1985 289 2037 Γάἵον
304 1977 485 2045 Ι(λαιἰδιον,”
475 2003 507 2047 ος
522 1981 660 2036 ἐδόκει”
627 2004 677 2036 των
695 1985 864 2054 προεστηκό-

100 2089 151 2122 των
167 2070 210 2134 τῆς
224 2070 312 2136 ἑτέρας
326 2069 426 2131 τάξεως,
443 2069 486 2132 τῆς
498 2069 700 2136 ἐναντιουμένης
714 2071 768 2130 τοῖς
783 2067 863 2164 δημο-

100 2155 193 2219 τικοῖς,
209 2146 414 2212 αὖθαδέοτατος
430 2143 496 2202 εἶναι
511 2170 556 2202 και
548 2148 765 2214 δυνατώιατος
786 2171 864 2213 ουιος

101 2241 129 2291 ίιι
144 2238 317 2308 παρασκευῆς
332 2233 413 2303 διεξῆλ
419 2235 476 2288 θελ
480 2235 544 2304 όγον
558 2236 627 2287 κατά
642 2237 692 2288 τῶν
708 2234 863 2305 δημοτικῶν,

102 2317 197 2391 πάνθ’,
225 2317 277 2374 ὅσα
295 2319 365 2385 εδοξε
378 2319 486 2374 πωποτε
512 2319 621 2373 ἐναντια
634 2340 691 2383 τοις
716 2319 865 2380 καλοῒςιιαὶ

102 2406 227 2477 πατρίοις
245 2402 426 2507 ἐθιρμοις,(
415 2404 638 2475 υπομιμνήοιιων
666 2423 700 2456 ου
717 2405 866 2474 κεφάλαιον

101 2478 145 2558 ἦν,
161 2511 196 2544 εις
210 2511 224 2542 ο
241 2491 420 2557 κατίοιηπτεν
435 2511 450 2557 η
465 2488 563 2560 γνώμη,
590 2487 722 2560 μηδεμίαν
737 2484 867 2544 ἀποδιδό-

101 2594 148 2628 ναι
161 2595 192 2647 τη
219 2572 307 2646 βουλῆ
320 2573 463 2646 διάγνωσιν
480 2570 546 2648 ὑπὲρ
559 2574 609 2629 τοῖν
624 2575 713 2646 νόμου
727 2592 798 2634 τους
808 2570 886 2623 οπλι

96 2675 163 2720 '02⁴9
175 2657 233 2726 μήτ
234 2650 283 2711 ἐν
296 2677 330 2711 τω
323 2660 463 2737 ταοόντι
477 2661 587 2740 χρόνω
610 2656 680 2738 μήθ
708 2655 854 2728 υοιεοον
873 2662 914 2700 ³⁹⁸
