1928 2954
173 199 223 255 182
290 189 450 243 DIONYSII
468 187 812 244 HALICARNASSENSIS

177 293 343 373 Οὔετονρία,
367 293 413 351 καί
430 297 541 352 τελέσειν
560 296 608 364 τήν
631 299 776 372 πρεσβείαν
800 293 866 370 ὓπέρ
890 298 933 365 τῆς
957 292 962 301 ’

176 381 306 455 πατρίδος
321 377 462 450 ὑπέσχετο,
490 379 537 447 τήν
560 399 586 434 τε
604 384 722 454 γυναῖκα
742 382 791 435 τοῦ
804 380 934 451 Μαρκίου

177 466 387 540 παραλαβοῦσα,
401 461 446 517 καί
458 464 492 516 τοί
505 463 596 528 τέκνα,
611 463 656 518 καί
671 466 722 518 τῶν
736 459 821 519 τίλλων
835 465 934 518 πολιτί·

176 549 229 603 δων
241 549 289 611 τιίς
309 548 482 619 βουλομένας.
500 544 530 600 αί
541 545 590 616 μέν
603 546 634 613 δή
654 550 804 619 περιχαρεῖς
823 547 935 618 γενόμε-

176 652 234 697 ναι,
261 629 387 693 καὶτοὺς
406 628 490 691 θεοὺς
509 631 731 699 ἐπικαλεσάμεναι
749 630 935 700 συλλαβέσθαι

176 715 254 784 σφίσι
267 718 312 780 τῆς
325 711 438 782 ἐλπίδος,
450 706 571 782 οίπήεσαν
586 715 613 767 ἐκ
627 715 672 781 τῆς
686 711 779 783 οίκίας,
794 712 840 767 καί
852 733 934 788 προσ·

177 799 300 869 ήγγειλαν
313 798 347 850 τοί
363 797 492 869 γινόμενα
507 798 564 858 τοῖς
578 793 697 858 ὑπάτοις.
714 795 741 852 οἱ
754 796 783 852 δέ
801 796 850 864 τήν
863 815 935 868 προ-

176 880 283 950 θυμίαν
297 874 385 933 οὔτῶν
409 880 594 943 ἐπαινέσαντες
619 882 784 935 συνεκάλουν
802 881 851 948 τήν
870 879 936 951 βου·

177 964 233 1029 λήν,
260 961 305 1016 καί
319 960 379 1034 περί
393 962 438 1027 τής
451 961 545 1023 ἐξόδου
559 965 608 1016 τῶν
621 966 771 1035 γυναικῶν,
794 959 817 1018 τί
830 981 937 1035 συγχων

176 1048 271 1124 ρήτέον
290 1041 399 1115 αὐταῖς,
412 1043 554 1117 γνωμηδὸν
566 1048 763 1102 ἐπυνθάνοντο.
783 1043 877 1102 πολλοί
889 1045 938 1116 μίν

179 1125 228 1183 οὐν
243 1128 287 1184 καί
301 1130 375 1203 πυροί
394 1129 499 1183 πολλῶν
516 1130 667 1197 ἐλέχθησαν
687 1131 778 1201 λόγοι,
798 1129 843 1184 καί
861 1132 937 1202 μέχρι

179 1215 223 1279 τῆς
235 1214 347 1314 ἑσπέρας
362 1209 542 1268 διετέλεσαν’
512 1233 704 1314 απορουντες,υ
707 1210 723 1268 ὅ
737 1234 762 1268 τι
773 1215 824 1286 χρή
841 1216 938 1267 ποιεῖν.

179 1296 205 1350 οί
219 1297 267 1365 μὲν
280 1296 333 1369 γιίρ
348 1315 381 1349 ου
372 1291 522 1369 ’μικρδν’
504 1297 658 1367 απέφαινον
670 1297 704 1370 τῆ
723 1298 798 1351 πόλει
811 1294 939 1351 κίνδυνον

178 1375 258 1446 εἶναι,
279 1382 410 1452 γυναῖκας
424 1380 492 1449 μετοί
505 1379 602 1433 τέκνων
616 1376 651 1442 είς
672 1381 808 1449 πολεμίων
827 1380 940 1451 στρατό-

179 1463 261 1519 πεδον
270 1464 450 1534 πορευομένας
463 1463 550 1516 ἐᾶσαι.
564 1460 587 1515 εί
599 1465 652 1532 γιὶρ
666 1459 766 1532 αὐτοῖς,
781 1460 938 1535 ίιπεριδοῦσι

180 1550 231 1601 τῶν
251 1545 442 1616 νενομισμένων
457 1543 538 1599 ὁσίων
551 1549 612 1617 περί
624 1567 651 1600 τε
664 1547 805 1618 πρεσβείας
817 1544 863 1599 καί
883 1544 939 1600 ίκε·

181 1631 246 1694 σίας,
270 1627 349 1687 δείξειε
361 1627 454 1698 μηκέτι
469 1626 617 1698 προίεσθαι
636 1630 683 1691 τιίς
699 1633 843 1701 γυναῖκας,
867 1625 938 1700 οίμα-

180 1713 239 1782 χητί
259 1709 508 1783 σφῶνὰλέισεσθαι
525 1711 573 1779 τήν
589 1714 675 1767 πόλιν.
702 1710 793 1780 ήὲίουν
813 1707 834 1764 τ’
856 1708 940 1776 αὔτυίς

179 1798 262 1867 μόνον
274 1795 355 1849 ἐᾶσαι
368 1794 415 1856 τοίς
428 1793 615 1864 προσηκούσας
628 1796 663 1868 τῷ
677 1797 794 1868 Μαρκίῳ
807 1799 939 1867 γυναῖκας

179 1875 237 1950 ίίμα
253 1881 309 1942 τοῖς
320 1877 420 1938 τέκνοις
433 1872 518 1929 αὐτοῦ
532 1879 721 1951 πορευομένας.
735 1877 819 1952 ἕτεροι
833 1873 862 1932 δ’
877 1875 941 1933 οὐδέ

180 1961 289 2025 ταδταις
302 1955 386 2032 ᾤοντο
400 1959 455 2014 δεῖν
467 1963 616 2032 ἐπιτρέπειν
629 1965 677 2029 τήν
691 1961 789 2033 ἔξοδον,
814 1964 941 2033 ἐπιμελῶς

181 2046 209 2099 δέ
222 2043 267 2099 καί
281 2045 379 2106 ταδτας
392 2038 531 2117 παρῄνουν
545 2047 695 2114 φυλάττειν,
710 2042 798 2118 ὅμηρα
813 2048 941 2115 νομίσαν-

182 2148 228 2190 τας
240 2127 306 2196 ἔχειν
319 2128 394 2200 παρυί
407 2129 458 2181 τῶν
485 2129 617 2200 πολεμίων
643 2132 753 2201 ἐχέγγυα
761 2172 768 2199 ,
795 2131 940 2199 τοῦμηδέν

181 2212 229 2280 τήν
242 2213 320 2266 πόλιν
332 2207 477 2278 ἀνήκεστον
492 2207 534 2265 ὑπ’
557 2209 644 2267 αὐτῶν
666 2216 775 2266 παθεῖν.
804 2213 830 2268 οί
845 2212 874 2266 δέ
888 2215 939 2268 ποί·

181 2315 241 2358 σαις
266 2294 460 2365 συνεβοίιλευοκ
486 2299 657 2367 συγχωρήσαι
683 2299 741 2358 ταῖς
761 2297 940 2367 βουλομέναις

179 2378 284 2451 γυναιξί
298 2379 345 2446 τήν
358 2377 455 2442 ἔξοδον,
473 2375 517 2430 ’ίνα
532 2379 581 2434 σδν
594 2381 693 2449 μείζονι
710 2376 838 2450 ἆξιώματι
858 2378 887 2433 αἱ
905 2379 940 2452 τῷ

179 2461 297 2532 Μαρκίῳ
311 2460 496 2532 προσήκουσαι
511 2463 674 2531 ποιήσωνται
687 2463 735 2527 τήν
751 2461 815 2535 ὖπέρ
829 2465 874 2529 τῆς
889 2460 939 2517 πα-

173 2544 265 2616 τρίδος
279 2544 380 2615 δέησιν.
407 2545 456 2600 τοῦ
478 2541 506 2597 δέ
527 2547 613 2620 μηθέν
632 2541 727 2606 αὐτοῖς
746 2546 937 2617 συμβήσεσθαι

159 2625 255 2684 δεινόν
275 2632 417 2708 ἐγγυητάς
439 2627 600 2706 ἀπέφαινον
628 2631 789 2703 ἐσομένους.
804 2628 890 2686 θῑῦῖεε
904 2638 946 2694 εἰ»
