1928 2954
141 208 193 267 216
260 201 418 252 DlONYSH
435 199 781 255 HALICARNASSENSIS

140 307 273 378 τίυνάμεως
300 306 345 361 καί
367 307 478 378 τάχους,
500 305 614 378 ίφευγον
633 311 790 380 ἐπιβοῶντές
809 329 835 363 τε
856 317 901 366 κοιλ

49 406 53 411 “
139 392 324 461 ἐπιβοώμενοι,
340 391 391 446 τῶν
405 388 433 445 δέ
448 388 660 461 ὑπολειπομένων
683 393 728 448 ύιά
747 391 899 467 τραύματα,

139 473 275 544 ἢνόσονς,
302 466 419 545 οἰμωγάς
437 473 483 529 καί
506 475 636 536 λιτανείας
658 479 686 530 έν
713 472 804 532 ούύενί
830 479 900 548 λόγῳ

139 563 287 632 τιθέμενοι.
306 551 378 610 τοῦτ’
391 554 549 628 ἀγνοοῦντες
562 555 590 612 οἱ
604 556 743 630 Ῥωμαῖοι,
759 563 899 629 πεπυσμέ-

140 664 179 697 νοι
195 643 222 697 ύέ
238 642 313 713 παρά
327 641 377 693 τῶν
391 636 566 710 αἰχμαλώτων
586 645 734 716 πρότερον,
754 638 796 698 ὅτι
817 643 886 698 δίκα

138 747 180 797 μις
196 723 322 796 Ἑρνίκων
335 727 410 795 ἑτέρα
423 725 510 791 μέλλει
522 724 629 794 βοηθὸς
641 721 712 790 ἥξειν
732 731 788 789 τοῖς
806 729 886 796 σφετέ

139 830 198 881 ραις
204 854 212 878 ,
239 805 284 861 καὶ
297 805 345 872 τήν
366 808 436 876 βοέην
456 826 482 859 τε
496 806 542 860 καί
555 811 673 878 ταραχὴν
687 809 731 864 ἐπί
744 810 776 882 τῇ
794 810 900 864 ἐκείνων

139 891 228 959 σίφίξει
240 892 379 962 γεγονέναι
392 890 555 959 νομίζοντες,
575 893 608 944 τά
622 912 648 944 τε
669 888 739 948 ὅπλα
758 890 900 966 ἀνέλαβον,

139 976 185 1030 καί
200 976 246 1029 τὸν
257 974 364 1046 χάρακα
382 974 673 1046 περιστεφανώσαντες,
700 978 736 1048 μὴ
752 997 790 1041 τις
803 975 899 1046 ίφούος

140 1054 232 1122 αύτοῖς
255 1059 360 1128 γένοιτο
379 1057 493 1129 νύκτωρ,
521 1058 580 1111 τοτέ
606 1059 655 1129 μέν
683 1055 771 1116 ὅπλων
797 1059 900 1116 κτύπον

139 1143 249 1198 ἐποίουν
263 1134 375 1213 ιίθρόοι,
403 1142 462 1194 τοτέ
478 1139 514 1205 δέ,
529 1135 616 1214 ὥσπερ
630 1140 666 1205 είς
677 1145 765 1215 μάχην
778 1143 899 1217 ὁρμώμε-

141 1247 191 1290 νοι,
209 1226 317 1296 θαμινά
336 1226 509 1292 ἐπηλάλαζον.
532 1228 587 1286 τοῖς
602 1222 739 1299 ύὲἝρνιξι
754 1225 800 1282 καί
813 1229 900 1282 ταῦτα

143 1313 200 1374 ύέος
212 1311 280 1380 μέγα
295 1311 417 1380 παρεῖχε,
432 1304 476 1362 καί
491 1306 525 1370 ὥς
539 1307 694 1380 διωκόμενοι
707 1312 773 1381 πρὸς
788 1315 839 1366 τῶν
852 1331 901 1365 πο·

141 1395 246 1463 λεμίων,
270 1392 402 1466 σποράδες
421 1387 496 1446 άλλοι
516 1386 573 1445 κατ’
599 1386 681 1456 άλλας
707 1394 787 1456 ὁύούς
812 1394 901 1448 ἔθεον.

142 1475 239 1548 ἡμέρας
253 1474 280 1528 δέ
293 1478 450 1547 γενομένης,
472 1474 563 1542 ἐπειδη
584 1471 750 1548 σίπηγγειλαν
770 1472 862 1538 σύτοῖς
876 1475 902 1532 οἱ

141 1562 308 1631 πεμφθέντες
326 1558 369 1613 ἐπὶ
397 1559 442 1624 την
470 1559 757 1630 κατασκοπήνὶππελς,
782 1559 815 1625 ὥς
841 1557 902 1617 σύτο

143 1645 252 1712 ύύναμις
275 1644 349 1713 ἑτέρα
365 1638 463 1713 παρῄει
477 1641 617 1713 σύμμαχος
631 1647 685 1706 τοῖς
706 1647 855 1714 πολεμίοις,
877 1645 905 1700 οἳ

142 1749 169 1782 τε
189 1726 221 1797 τῇ
247 1727 366 1798 προτέρᾳ
392 1726 607 1797 παραταξάμενοι
630 1728 702 1800 μάχη
729 1727 901 1799 πεφεύγασιν,

141 1808 274 1883 ἐξαγαγὼν
296 1810 343 1874 τήν
363 1806 477 1878 ύύναμιν
497 1808 511 1863 ὁ
532 1804 675 1885 Ἀκύλλιος,
696 1812 742 1865 τόν
757 1832 782 1864 τε
793 1813 902 1885 χάρακα

141 1898 192 1949 τῶν
205 1894 337 1960 πολεμίων
350 1889 420 1963 αἶρτί
438 1894 535 1960 μεστὸν
555 1891 620 1946 ὅντα
640 1892 789 1968 ὑποζυγίων
810 1915 837 1949 τε
856 1895 903 1950 καί

141 1976 244 2051 άγορᾶς
257 1974 302 2028 κοιί
319 1969 422 2028 ὅπλων·
436 1974 480 2029 καί
494 1977 556 2037 τούς
568 1978 736 2048 τραυματίας
749 1973 837 2033 αὐτῶν
851 1974 900 2033 οὗν

140 2064 264 2118 ἐλάττους
278 2058 355 2120 ὄντας
375 2060 425 2112 τῶν
452 2062 625 2131 πεφευγότων
645 2063 789 2131 λαμβάνει·
813 2064 861 2129 τήν
875 2082 901 2116 τε

140 2146 225 2200 ἵππον
239 2145 377 2213 ἐκπέμψας
389 2141 433 2196 ἐπὶ
454 2145 514 2206 τούς
539 2143 747 2213 ἐσκεδασμένους
775 2142 829 2200 άνά
856 2150 902 2208 τάς

141 2230 221 2291 ὁδούς
247 2246 274 2278 τε
299 2223 344 2279 καί
370 2226 416 2281 τάς
441 2221 519 2290 ίλας,
550 2229 653 2280 πολλῶν
678 2228 780 2298 γίνεται
807 2231 900 2299 σωμά-

142 2334 193 2367 των
225 2309 367 2382 έγκροτής·
397 2309 442 2363 καί
472 2312 502 2363 τά
534 2312 629 2363 λοιπὸν
661 2305 713 2379 ἤδη
739 2313 788 2377 την
811 2308 902 2386 Ἑρνί·

142 2416 194 2450 κων
224 2396 275 2465 γῆν
306 2388 394 2465 ἐπῄει,
429 2394 559 2460 λεηλατῶν
591 2391 685 2457 άύειίις,
721 2391 833 2460 στίύενός
864 2396 901 2451 ἔτι

144 2477 320 2534 ύποωένοντσς
344 2473 380 2538 εὶς
404 2478 491 2548 χεῖρας
519 2472 594 2530 ἰέναι.
625 2479 710 2531 ταῦτα
736 2480 783 2548 μέν
808 2475 901 2534 ’Διτύλ-

127 2561 188 2623 λιος
212 2559 313 2635 ἔδρασε
