1928 2954
177 175 228 228 250
295 166 453 217 DIONYSU
471 165 813 220 HALICARNASSENSIS

173 270 274 338 αύτῶν,
289 272 423 346 καὶμέχρι
436 271 538 326 πολλοῦ
553 269 671 342 διέμενον
688 274 814 348 ἐκθύμως
834 270 928 348 άγωνι·
943 316 948 325 .

173 360 290 428 ζδμενοε·
315 355 407 411 ἔπειτα
423 353 468 408 διά
491 355 540 420 τὴν
552 357 601 409 τοῦ
619 355 721 430 χωρίου
733 358 817 428 φύσιν
829 379 929 427 μειονε-

173 443 294 504 κτοῦντες
309 438 471 511 ῦπεχώρουν,
485 435 531 491 καί
546 439 619 501 τέκος
630 434 707 512 δλίγα
720 442 768 511 μὲν
782 442 843 503 τούς
857 445 929 496 πολε-

173 526 250 587 αίονς
262 522 309 577 καὶ
323 519 372 579 ούκ
386 517 447 584 άξια
460 522 543 595 λόγου
556 525 738 594 ἐργασάμενοι,
755 527 823 580 πλέω
838 520 863 577 δ’
880 520 928 578 αύ-

174 607 215 661 τοῖ
228 608 364 667 παθόντες
379 605 456 672 κακά,
470 602 642 680 ὑπεχώρησαν
656 603 692 670 εἷς
705 608 735 661 τό
748 607 849 662 πεδίον.
864 607 942 663 ένθε.

173 688 538 762 καταστρατοπεδευσάμενοι
557 691 614 751 ταῖς
627 691 683 757 ἑξῆς
694 684 804 765 ἦμέραες
830 693 931 751 έξέτατ-

173 794 221 827 τον
235 774 282 840 τὴν
295 773 419 842 δύναμιν,
439 770 484 825 καί
497 765 700 844 προύκαλοῦντο
715 773 776 838 τούς
785 771 931 844 Ῥωμαίοις

174 854 209 918 εἷς
222 857 322 926 μάχην·
342 855 369 910 οἶ
384 855 410 910 δέ
425 849 474 909 οῦκ
489 851 688 928 ἀντεπεξῄεσαν.
713 853 748 918 ὥς
766 856 793 911 δὲ
808 861 888 911 τοῦτο
895 878 932 923 ⁸

175 940 230 1004 δον,
246 938 497 1012 καταφρονήσαντες
510 931 599 992 αῦτῶν
617 933 798 1005 Θύολοῦσκοι,
818 943 932 995 συνεκά-

174 1026 238 1076 λουν
251 1026 278 1078 ἐκ
293 1024 342 1075 τῶν
360 1023 461 1076 πόλεων
481 1020 620 1093 δυνάμεις,
641 1021 686 1076 καὶ
704 1027 933 1096 παρεσκευάζοντο

174 1105 207 1168 ὦς
221 1107 365 1169 ἐξελοῦντες
379 1105 534 1176 πολυχειρίᾳ
547 1107 578 1160 τὸ
592 1103 737 1179 φρούριον·
751 1098 849 1179 ῥᾳδίως
863 1103 882 1160 τ’
899 1104 934 1160 άν

173 1190 358 1292 ἐξειργάσαντο
372 1190 439 1259 μέγα
454 1186 539 1289 ἔργον,
567 1185 671 1242 ῦπάεοο
686 1188 771 1244 τεκαὶ
786 1185 933 1260 Ῥωμαϊκῆς

175 1272 309 1372 δυνάμεως
322 1293 339 1340 η
333 1268 400 1344 βίᾳ
413 1273 600 1343 κρατήσαντες,
612 1269 628 1336 ἠ
620 1267 708 1342 ἱ’καθ
722 1271 877 1344 ὁμολογίας·
898 1269 932 1328 οῦ

174 1357 226 1428 γάρ
240 1357 291 1409 τῶν
304 1353 484 1455 ίπιτηδείωγ”
470 1374 507 1408 ειι
525 1348 631 1428 εύπδρει
648 1336 676 1408 τδ
687 1356 798 1426 χωρίον·
816 1357 889 1426 ἔφθη
905 1355 932 1409 δέ

175 1441 337 1511 πρότερον
324 1437 465 1510 επτκοσρία
480 1433 619 1509 Ῥωμαίοις
639 1437 849 1504 έπελθοῖμσα,
838 1461 874 1508 ινφ
903 1427 933 1504 ἧς

175 1522 352 1588 ἐκωλύθησαν
369 1517 534 1575 Οὐολοῦσκοι
549 1521 578 1572 τύ
592 1523 734 1575 κάλλιστον
747 1526 883 1576 ἐπιθεῖναι
897 1542 933 1594 τω

175 1609 277 1676 πολέμῳ
295 1607 372 1666 τέλος.
400 1603 414 1657 6
433 1605 485 1677 γάρ
505 1623 590 1701 ετερος
603 1605 654 1658 τῶν
670 1602 791 1670 ὑπάτων,
821 1605 933 1660 Καίσων

178 1690 290 1758 Φάβιος,
305 1687 457 1758 μαθὼν,’
444 1708 472 1741 εν
492 1689 533 1747 αἱς
545 1706 578 1752 ην
593 1686 682 1752 τύχαις
695 1710 711 1755 η
726 1688 933 1759 παραταξαμένη

99 1756 104 1766 ’
178 1767 358 1832 Οὐολούσκοις
373 1769 489 1840 δύναμις,
519 1769 643 1841 ἐβούλετο
656 1770 714 1840 μὲν,
725 1769 759 1832 ὡς
771 1766 821 1840 εἶχε
835 1773 933 1839 τάχους

174 1854 265 1907 πάσαν
280 1847 352 1925 άγων
372 1854 418 1920 τὴν
434 1853 563 1921 δύναμιν,
584 1847 667 1917 εύθύς
684 1856 784 1909 ἐπιέναι
801 1858 858 1918 τοῖς
877 1876 928 1909 πο·

175 1937 313 2009 λιορκοῦσι
331 1938 360 1991 τδ
389 1936 528 2009 φρούριον.
555 1933 589 1998 ὡς
613 1931 640 1990 6’
667 1932 715 1990 ούκ
740 1939 840 2008 ἐγένετο
860 1933 932 2008 αύτῷ

175 2023 301 2091 θυομένῳ
315 2040 340 2072 τε
355 2017 399 2072 καί
413 2017 514 2079 οἶωνοῖς
526 2021 650 2090 χρωμένῳ
662 2020 695 2075 τά
710 2017 767 2091 ἱερά
781 2024 859 2088 καλά,
875 2016 931 2075 άλλ’

174 2102 332 2171 ἠναντιοῦτο
348 2103 412 2173 πρὸς
425 2104 471 2166 τάς
496 2100 601 2163 ἐξόδους
626 2097 754 2156 αῦτοῦτό
781 2103 930 2173 δαιμόνιον,

175 2184 254 2252 αὐτὸς
266 2188 314 2258 μὲν
330 2185 458 2255 ὑπέμεινε,
486 2187 532 2246 τάς
546 2182 574 2236 δὲ
585 2185 726 2256 κρατίστας
752 2187 931 2257 ἐπιλεξάμενος

113 2333 114 2336 ¹
174 2273 285 2344 σπείρας
298 2265 434 2323 ἀπέστειλε
447 2266 482 2339 τῷ
496 2267 663 2338 συνάρχοντι.
677 2265 707 2320 αἱ
720 2267 747 2322 δέ
761 2269 806 2322 διά
820 2290 846 2322 τε
860 2268 930 2324 ὁδῶν

174 2350 286 2421 ἀφανῶν
306 2350 350 2406 καί
377 2350 479 2420 νύκτωρ
504 2352 538 2403 τά
563 2352 648 2404 πολλά
675 2353 859 2423 ποιησάμεναι
886 2355 932 2418 τάς

175 2436 262 2505 ὁδούς,
288 2431 415 2534 εἰσῆλθον
442 2432 476 2494 εἰς
502 2434 548 2486 τὸν
569 2434 677 2506 χάρακα
704 2434 765 2498 τούς
790 2435 933 2506 πολεμίους

173 2520 319 2573 λαθοῦσαι.
344 2517 359 2571 6
371 2517 420 2589 μέν
434 2504 484 2571 σύν
502 2512 624 2586 Αἰμίλιος
636 2517 805 2616 θρασύτερος
817 2521 933 2590 ἐγεγόνεε

166 2621 196 2675 ⁷²1
212 2602 355 2680 παρουσία
385 2605 435 2663 τῶν
461 2601 619 2677 συμμάχων.
646 2598 896 2669 mmmmm}
910 2622 938 2652 τε
