1928 2954
199 167 472 233 ANTIQVITATVM
488 167 623 219 ROMAN.
647 168 755 220 LlB.X.
822 170 858 228 67

94 275 173 348 γίστη
187 269 335 328 ἐπέκειτο
317 275 392 346 αρχὴ,
407 269 497 329 άλλ.Η
475 297 511 341 εις
523 274 586 338 τούς
598 278 856 379 συναγωνιζομένους

94 352 188 420 αὐτοῖς
208 359 373 459 μεταφέρειν
391 359 438 427 τήν
458 356 549 435 ὄργην,
578 358 623 412 καὶ
643 361 690 423 τάς
707 360 734 415 ἐκ
749 361 798 415 τῶν
814 363 856 415 νό-

93 461 152 515 μων
166 442 295 541 τιμωρίας
311 436 373 516 παρ’
393 443 499 501 ἐκείνων
517 442 672 513 λαμβάνειν.
699 440 722 497 τί
739 445 788 515 μέν
808 430 857 497 οέιν

94 527 198 594 ἐκεινην
217 526 264 593 τήν
282 520 382 627 ἡμέραν
400 527 484 601 θυμιρ
501 527 645 627 φερόμενοι
665 525 766 600 δρᾶσαί
784 548 809 580 τι
831 526 857 583 σί

96 610 229 684 δήμαρχοι
243 612 311 663 κατά
325 611 376 664 τῶν
385 606 502 678 ὑπάτων,
517 605 533 680 ἢ
546 613 592 677 τῆς
604 611 704 681 βουλῆς
715 613 857 713 μροὴχθη-

95 715 160 765 σαν
186 689 314 747 οὐθέν“
296 714 330 748 αν
357 715 388 760 ην
414 697 445 749 τό
474 689 691 763 κωλῦσοναότὴν
711 689 757 766 ὑφ
777 693 859 762 αὑτῆς

97 775 264 833 ἀπολωλέναι
278 779 328 845 τήν
341 780 434 832 πόλιν·
461 775 544 840 οὕτως
557 775 661 851 ἕτοιμοι
682 780 778 842 πάντες
791 765 859 847 ἦσαν
879 770 882 776 ’

98 861 144 918 ἐπὶ
158 882 191 916 τα
184 856 284 924 ὅπλα,
301 883 345 916 και
336 860 405 917 τόν
418 883 469 918 κατ
467 859 609 931 ’άλλὴλων
622 864 747 934 πόλεμον.
768 866 816 918 νῦν
832 857 858 916 3

98 942 302 1018 άναβαλόμενσι
328 948 362 1000 τά
388 949 542 1020 πράγματα,
570 945 616 1002 καί
642 946 730 1012 δόντες
755 950 859 1011 ἑαυτοῖς

94 1033 194 1104 χρόνον
207 1027 243 1092 εἷς
257 1026 356 1101 άμείνω
374 1032 519 1106 λογισμόν
544 1029 632 1086 αὑτῶν
645 1052 671 1086 τε
690 1031 858 1105 μετριώτεροι

97 1116 233 1217 ἐγένοντο,
261 1112 308 1170 καί
330 1116 376 1179 τάς
400 1119 452 1171 τῶν
479 1112 623 1171 πολλῶν’
608 1117 689 1217 οργάς
713 1111 860 1188 ἐπρρίῦναν.

101 1197 192 1254 ἔπειτα
218 1201 273 1262 ταῖς
300 1193 396 1268 έξῆς’
381 1202 491 1268 ημέροιις
518 1200 564 1266 την
589 1193 743 1296 τρίτηνάιι’
764 1199 861 1264 ἐκείνης

98 1284 229 1354 ἐσομένην
244 1281 347 1430 άγοράγ
361 1284 564 1354 προειπόντες,ἐ
565 1301 578 1331 ν
591 1303 608 1352 η
597 1267 668 1335 τόν
683 1280 769 1351 δῆμον
783 1283 861 1337 συνά-

98 1372 190 1430 ξουσι,
216 1365 262 1420 καὶ
276 1365 371 1435 ζημίαν
384 1367 546 1437 ἐπιβαλοῦσι
559 1367 614 1427 τοῖς
628 1362 740 1429 ὑπάτοις
754 1362 862 1444 άργυρι-

102 1453 167 1521 κην,
192 1447 317 1504 διέλυσαν
335 1450 384 1515 τήν
407 1450 555 1518 ἐκκλησίαν.
582 1447 638 1503 ἐπεὶ
658 1448 686 1503 δέ
705 1444 844 1516 πλησίον’
831 1468 862 1515 ην

101 1535 116 1590 ό
127 1536 233 1607 χρόνος,
258 1530 411 1602 άτιέστησαν
424 1532 470 1588 καί
483 1533 580 1602 ταύτης
593 1537 638 1602 τῆς
650 1535 786 1607 ἐπιβολῆς,
807 1532 863 1599 δεὴ·

68 1688 71 1695 .
103 1640 143 1675 σει
162 1620 214 1672 τῶν
240 1618 429 1690 πρεσβυτάτων
457 1617 503 1673 καί
521 1619 699 1688 ἐντιμοτάτων
721 1619 769 1685 τήν
786 1619 865 1691 χάριν

101 1701 265 1758 ἀντιτιθέναι
284 1702 409 1775 λέγοντες.
435 1699 480 1756 καί
492 1703 565 1802 μετά
571 1704 656 1757 ταῦτα
669 1704 864 1804 συναγαγόντες

102 1809 149 1843 τον
163 1787 264 1857 όημον
288 1784 391 1888 ἐλεγρν,
418 1808 460 1841 οτι
475 1807 521 1851 τας
531 1807 582 1858 μεν
595 1807 630 1850 εις
649 1791 762 1850 αυτοος
777 1781 864 1857 τβρεις

103 1871 242 1942 άφίηκασι,
260 1873 435 1944 χαρισάμενοι
448 1873 558 1935 πολλοῖς
572 1891 616 1924 και
608 1867 783 1968 άγαθοῖς’
766 1870 863 1941 ιινόρά

103 1978 131 2012 σι
146 1945 285 2026 δεομένοις
316 1975 354 2018 οις
367 1975 416 2011 ουκ
430 1942 493 2022 ἦν
477 1976 553 2010 οσιον
567 1953 725 2026 αντιλεγειν
752 1922 830 2007 ὧνό’
850 1952 864 2009 3

104 2042 189 2111 δῆμος
212 2037 345 2106 ιἠόιιιεῖτο,
374 2040 491 2093 κωλυταὶ
508 2039 596 2093 τεκαὶ
614 2037 724 2111 τιμωροὶ
745 2035 866 2092 εσισθαι

104 2123 257 2198 προθήσειν
275 2122 327 2195 γάρ
352 2111 436 2184 αὖθις
455 2125 502 2177 τόν
522 2143 547 2176 τε
567 2121 627 2196 περὶ
646 2124 691 2190 τῆς
709 2122 867 2195 κληρουχίας

104 2210 190 2280 νόμον
206 2205 249 2274 ἐτη
263 2207 407 2278 τριάκοντα
421 2208 662 2280 παρειλκυσμένον,
688 2203 733 2260 καί
748 2205 794 2258 τόν
807 2201 866 2276 περί

106 2297 153 2363 τῆς
167 2290 321 2361 ἰσονομίας,
346 2284 376 2343 όν
391 2288 418 2345 οἱ
431 2292 485 2365 πρὸ
500 2285 586 2345 αὐτῶν
602 2282 734 2363 όημαρχοι
745 2289 868 2361 προθένν

107 2399 148 2442 τες
163 2373 210 2433 οόκ
229 2376 410 2446 ἐπεψήφισαν.

172 2454 312 2519 XXXVI.
339 2462 433 2514 Ταῦτα
454 2456 631 2528 ὑποσχόμενοι
650 2478 695 2512 και
685 2451 867 2528 ὀμόσαντες,

108 2540 284 2608 audoueus
270 2546 381 2617 ημέρας,
408 2547 436 2598 ἐν
458 2535 499 2608 αἷς
520 2538 624 2619 ἀγοράν
647 2540 819 2611 ποιησόντων.
828 2537 883 2590 τελε

99 2631 195 2700 (ίόβθῖό
221 2627 270 2683 Μ)
284 2632 331 2694 7όέ
352 2621 466 2706 ψήφους
484 2627 672 2689 άναόώσουσι
689 2648 759 2702 περι
782 2623 841 2678 των
857 2613 910 2666 νδ·

655 2715 690 2764 Ἦ.
707 2723 725 2760 τ
