1928 2954
162 168 444 236 λαττονιτλτττε
459 168 597 220 αοΜΑτι.
615 170 680 220 τεο.
698 171 782 221 xvn.
815 176 867 231 253

163 272 200 333 ΙΙ,
227 276 351 338 Στάσεως
365 274 392 329 όέ
403 275 556 349 γενομένης,
583 270 742 344 ἧιτηθέντες
757 276 783 331 οἱ
794 298 864 352 παρ-

98 362 188 418 θινίαι
216 356 403 433 άναχοιροῦσιν
429 362 533 422 ἑκόντες
546 362 574 412 ἐκ
601 360 647 427 τῆς
673 363 790 425 πόλεως·
817 364 864 417 καί

95 447 249 516 πέμψαντες
274 442 310 507 είς
323 444 458 512 Δελφοὺς,
484 444 603 516 χρησμόν
624 442 721 515 ἔλαβον
738 448 813 500 πλεῖν
827 442 863 510 είς

96 523 224 584 Ἰταλίαν
251 529 403 603 ἐξευρόντας
429 528 457 583 όέ
469 529 567 600 χωρίον
582 530 627 597 τῆς
644 522 784 602 Ἰαπυγίας
799 537 861 584 Σα-

96 613 189 684 τῦριον
201 611 247 667 καί
261 614 386 684 ποταμόν
405 614 538 687 Τάραντα,
549 606 607 668 ἐνθ’
622 610 657 666 άν
669 610 747 668 ίόῶσι
762 614 862 686 τράγον

94 698 129 770 τῇ
142 699 268 770 θαλάττῃ
295 699 424 771 τέγγοντα
439 698 468 752 τό
494 700 612 769 γένειον,
639 701 694 752 ἐκεῖ
709 697 772 762 τοῦς
784 699 863 769 βίους

94 779 275 857 ἶόρῦσαοθαι.
303 780 462 845 πλεῦσαντες
480 780 521 853 όέ,
548 784 596 836 τὸν
609 783 733 853 ποταμόν
746 785 861 857 ἐξεῦρον,

94 867 140 922 καί
155 867 223 921 κατά
237 884 309 928 τινος
321 868 427 940 ἐρινεοῦ
442 866 554 936 πλησίον
567 869 613 935 τῆς
625 869 766 936 θαλάττης
779 888 863 939 πεφυ·

95 953 172 1014 κότος
198 945 320 1021 άμπελον
346 949 498 1007 ἐθεάσαντο
524 953 752 1022 κατακεχυμένην,
783 954 811 1014 ἐξ
833 939 883 1021 ἧς.

95 1037 145 1090 τῶν
159 1035 310 1107 ἐπιτράγων
324 1056 362 1099 τις
375 1036 538 1105 καθειμένος
551 1031 648 1104 ἥπτετο
664 1037 861 1105 τῆςθαλάττης.

95 1122 176 1176 τοῦτο
190 1117 372 1187 ὑπολαβόντες
392 1115 461 1175 εἶναι
480 1122 526 1176 τόν
546 1123 661 1195 τράγον,
690 1115 721 1174 ῦν
735 1124 863 1193 προεῖπεν

95 1201 188 1266 αὐτοῖς
201 1204 217 1258 ό
232 1206 296 1266 θεός
314 1203 440 1277 ὄψεσθαι
455 1206 582 1275 τέγγοντα
595 1204 625 1256 τό
640 1211 742 1268 γένειον
757 1206 788 1276 τῇ
803 1209 862 1258 θα-

95 1291 191 1360 λάττῃ,
214 1283 299 1340 αὐτοῦ
325 1291 447 1365 μένοντες
474 1289 622 1361 ἐπολέμουν
646 1282 786 1361 Ἰάπυγας,
817 1287 863 1344 καί

96 1371 237 1443 ἱδρύονται
256 1372 304 1437 την
329 1371 470 1442 ἐπώνυμον
489 1374 538 1427 τοῦ
564 1374 689 1443 ποταμοῦ
722 1373 861 1445 Τάραντος

97 1460 182 1512 πόλιν,

200 1537 457 1586 θοιτάίἐατ
510 1534 757 1607 Rhegium.

164 1622 213 1680 ΙΙΙ.
236 1619 389 1697 Ῑλρτιμὴόης
402 1625 418 1680 ό
433 1624 580 1689 Χολκιόεῦς
593 1628 686 1698 λόγιον
700 1620 783 1698 εἶχεν,
801 1621 860 1682 ἕνθ’

97 1709 130 1764 ι’έν
145 1705 273 1783 εῦρητόν
300 1706 399 1784 ἄρ’ῥενα
425 1708 478 1765 ῦπό
493 1712 538 1777 τῆς
551 1711 663 1778 θηλείας
689 1707 858 1781 ῦπυιόμενον,

96 1790 199 1850 αῦτόθι
211 1796 307 1865 μένειν,
328 1794 374 1850 καί
387 1797 481 1866 μηκέτι
496 1797 654 1870 προσωτέρω
669 1799 759 1850 πλεῖν·
782 1797 859 1857 πλεῦ-

96 1900 145 1940 σας
160 1877 187 1932 όέ
208 1876 268 1951 περὶ
295 1881 324 1933 τό
340 1881 497 1935 Παλάντιον
511 1882 556 1946 τῆς
578 1876 707 1945 Ἰταλίας,
736 1880 781 1936 καί
795 1877 859 1937 ἶόόιν

94 1961 213 2033 άμπελον
225 1959 308 2039 [κατά
321 1983 391 2025 τινος
406 1964 508 2035 ἐρινεοῦ
523 1962 620 2032 ὁμοίως
634 1967 860 2034 κατακεχυμένην,

94 2048 330 2119 θηλεῖανμέντήν
353 2041 485 2118 άμπελον]
512 2040 613 2119 άρῤενα
639 2046 667 2101 όέ
691 2049 736 2103 τόν
749 2048 857 2122 ἐρινεόν,

96 2129 185 2198 σ’χείαν
200 2131 228 2186 όέ
243 2133 290 2199 την
311 2133 482 2204 πρόσφυσιν,
507 2132 577 2194 τέλος
595 2130 661 2198 ἔχειν
681 2135 725 2186 τόν
736 2134 858 2205 χρησμόν

98 2214 226 2287 ὑπέλαβε·
241 2212 286 2270 καί
298 2215 360 2278 τοῦς
371 2216 531 2283 κατέχοντας
545 2215 591 2269 τόν
605 2216 688 2270 τόπον
700 2217 861 2289 βαρβάρους

95 2300 223 2372 ἐκβαλών,
238 2302 312 2356 οίκεῖ.
323 2297 460 2370 Ῥηγνονό
477 2300 556 2361 τόπος
581 2301 715 2371 καλεῖται,
742 2295 797 2355 εἴθ’
817 2296 860 2355 ὅτι

95 2385 223 2449 σκόπελος
240 2372 422 2458 ἦνάποῤῥώξ,
450 2378 504 2436 εἴθ’
532 2378 573 2438 ὅτι
600 2386 669 2438 κατά
684 2380 860 2456 τοῦτονὴγῆ

98 2470 144 2522 τόν
159 2470 244 2523 τόπον
257 2469 371 2542 ἐρ’ράγη,
400 2466 445 2523 καί
460 2466 596 2535 διέστησεν
610 2465 665 2522 άπό
682 2472 725 2535 τῆς
747 2464 860 2531 Ἰταλίας

97 2556 142 2608 τόν
157 2548 269 2626 άντικρῦ
289 2553 431 2622 Σικελίαν,
459 2553 510 2607 εἴτε
525 2547 568 2608 ῦτέ
597 2549 699 2626 άνῦρῦς
720 2553 881 2607 mimum„

91 2636 193 2703 ταύτην
205 2636 313 2706 ἄνοντος
330 2638 380 2711 τὴν
396 2639 609 2721 προσηγορίαν.
