1928 2954
164 156 440 223 ANTIQVITATVM
460 157 595 208 ROMAN.
613 160 678 209 LlB.
689 160 721 209 X.
793 167 826 219 35

58 262 92 333 τῇ
106 263 254 334 προηάσιι,
284 264 411 336 προεῖπεν
429 259 606 336 ἀρχαιρεσιῶν
626 259 740 337 ἡμέραν,
765 269 793 320 ίν
807 249 824 340 ᾖ

58 348 105 399 τὸν
120 345 288 419 συνάρχοντα
308 345 411 416 ἔμελλεν
429 344 586 412 ἀποδείξειν.
609 351 637 402 ἐν
651 347 679 404 δέ
696 348 732 421 τῷ
746 370 826 420 μετα-

57 429 88 490 ξδ
98 431 188 503 χρόνῳ
202 423 237 483 δι’
258 427 419 504 ἀπορρήτων
443 431 637 503 βουλευμάτων
657 430 685 486 οἱ
697 453 826 507 προεστη·

57 514 132 575 κότες
146 515 195 567 τοῦ
215 513 358 587 συνεδρίου
376 516 522 571 συνέθεντο
540 517 609 571 κατά
627 517 699 585 σφάς
718 512 826 580 αὐτοὺς,

57 592 112 670 ὅτῳ
131 595 325 667 παραδώσουσι
338 601 386 670 τὴν
401 597 494 673 ἀρχὴν.
521 598 566 655 καί
579 598 669 668 ἐπειδὴ
685 598 701 654 δ
716 602 765 654 τῶν
779 598 825 674 ἀρ

55 682 197 752 χαιρεσιῶν
223 684 313 751 ἐνέστη
341 685 448 758 χρόνος,
474 682 549 739 καλό
562 685 647 758 κῆρυξ
658 685 706 752 τήν
719 684 827 757 πρώτην

58 766 133 828 τάξιν
151 765 285 838 ἐκάλεσεν,
308 761 474 831 εἰσελθόντες
497 764 533 832 εἷς
551 769 599 822 τόν
624 765 825 836 ἀποδειχθέντα

57 850 143 906 τόπον
158 849 186 904 σί
201 845 229 903 τ’
247 846 427 908 ὀκτωκαίδεκα
439 851 516 920 λόχοι
528 853 581 906 τῶν
599 848 713 917 ἶππέων,
742 853 788 909 καί
802 850 825 908 σί

57 935 109 992 τῶν
122 935 205 1000 πεζῶν
219 929 387 1009 ἀγδοήκοντα
402 936 490 992 τῶντό
504 937 633 1009 μέγιστον
639 937 742 1010 τίμημα
755 940 825 1007 ἐχόν1

56 1040 124 1085 των,
144 1019 266 1076 Λούκιον
279 1018 411 1077 Κοίντιον
423 1021 587 1076 Κικιννάτον
599 1018 825 1077 ἀποδεικνύουσιν

56 1099 173 1175 ὕπατον,
200 1093 233 1160 οὗ
247 1105 294 1160 τόν
306 1102 378 1182 υἱόν,
406 1106 538 1160 Καίσωνα
551 1103 689 1170 Κοίντιον,
708 1102 744 1167 εἷς
757 1103 823 1177 άχῶι

56 1209 91 1244 να
104 1191 234 1245 θανάτου
248 1193 464 1257 καταστήσαντες
478 1187 506 1243 οἱ
520 1186 667 1261 δήμαρχοι,
686 1189 734 1255 τὴν
746 1190 824 1243 πόλιν

55 1270 214 1346 ἠνάγκασαν
238 1272 368 1328 ἐκλιπεῖν·
395 1271 442 1327 καὶ
467 1266 592 1344 οδδεμιάς
617 1270 655 1326 ἐτι
682 1272 824 1341 κληθείσης

55 1357 101 1414 ἐπὶ
115 1359 163 1424 τὴν
179 1357 359 1430 ψηφηφορίαν
372 1356 479 1419 τάξεως·
506 1353 577 1429 τρισί
586 1354 639 1429 γάρ
655 1343 724 1424 ἦσαν
738 1358 824 1423 λόχοις

55 1442 164 1503 πλείους
179 1439 206 1494 οἱ
221 1439 399 1512 διενέγκαντες
418 1440 465 1508 την
486 1442 579 1510 ψῆφον
598 1440 672 1508 λόχοι
685 1441 736 1494 τῶν
750 1437 823 1495 ἀπο-

55 1526 230 1597 λειπομένων·
253 1521 329 1597 όμὲν
355 1523 438 1595 δῆμος
466 1519 550 1597 ἀπῄει
578 1525 722 1597 συμφοράν
750 1520 825 1579 ίδίαν

55 1607 216 1682 ῆχσδμενσς,
243 1604 286 1662 ὅτι
299 1611 384 1680 μισῶν
398 1603 498 1670 αὐτοὺς
512 1603 581 1680 ἀνὴρ
595 1607 715 1672 ἐξουσίας
731 1605 824 1662 ὑπατι-

56 1698 105 1762 κίχς
119 1692 192 1748 ἐσται
206 1690 307 1765 κύριος.
334 1689 349 1762 ἡ
364 1693 451 1765 βουλή
471 1686 499 1746 δ’
513 1689 613 1763 ἔπεμπε
626 1692 688 1754 τοὺς
701 1695 824 1764 παραλη-

58 1780 193 1851 ψομένους
207 1779 254 1831 τόν
268 1772 374 1832 ὕπατον
380 1820 388 1849 ‚
416 1776 461 1832 καί
473 1769 589 1842 ἀξοντας
606 1772 650 1832 ἐπὶ
664 1776 711 1843 την
731 1772 822 1849 ἀρχὴν,

56 1863 132 1931 ἔτυχε
147 1861 175 1916 δέ
192 1865 339 1940 τηνικαῦτα
353 1861 369 1917 ό
387 1860 515 1924 Κοίντιος
531 1855 653 1935 ἀρουράν
666 1881 728 1914 τινα
744 1857 821 1932 άπερ·

57 1949 203 2020 γαζόμενος
223 1942 258 2008 εἷς
279 1948 399 2019 σποράν,
420 1941 500 2010 αδτός
518 1942 681 1999 ἀκολουθῶν
702 1946 819 2012 τοῖςσχίι

57 2035 133 2098 ζουσι
156 2031 204 2097 την
231 2031 299 2083 νειὸν
325 2027 455 2102 βοίδίοις,
489 2025 604 2096 ἀχίτων,
631 2028 819 2099 περιζωμάτιοι

56 2115 131 2184 ἔχων,
160 2112 205 2168 καὶ
225 2113 268 2169 ἐπὶ
294 2112 327 2186 τῇ
347 2111 451 2186 κεφαλῇ
471 2115 558 2166 πῖλον.
588 2108 651 2165 ἲδὼν
674 2109 702 2164 δέ
719 2113 820 2177 πλῆθος

56 2197 215 2270 ἀνθρώπων
229 2194 264 2261 εἷς
277 2197 307 2250 τό
323 2196 422 2270 χωρίον
437 2193 586 2265 είσιόντων,
612 2195 642 2248 τό
663 2188 689 2247 τ’
707 2189 820 2267 ἀροτρον

56 2288 180 2355 ἐπέσχεν7
207 2280 252 2337 καί
266 2282 351 2336 πολδν
374 2276 468 2353 ἠπόρει
482 2280 588 2352 χρόνον,
615 2276 709 2341 οῗτινές
723 2298 750 2332 τε
764 2272 821 2342 εἷεν,

58 2367 106 2422 καὶ
130 2370 200 2431 τίνος
226 2364 346 2437 δεόμενοι
372 2364 439 2437 πρός
470 2358 555 2419 αὐτὸν
590 2357 698 2429 ἥκοιεν·
733 2359 822 2416 ἔπειτα

60 2451 281 2526 προσδραμόντος
301 2452 386 2519 τινὸς,
420 2448 465 2503 καί
484 2445 656 2510 κελείισαντος
680 2445 820 2517 κοσμιώτε

59 2555 109 2609 ρον
123 2533 206 2590 αὑτὸν
220 2538 350 2604 ποιῆσαι,
377 2531 521 2606 παρελθὼν
536 2528 571 2597 εἷς
584 2531 631 2603 την
643 2529 764 2602 καλὺβην
780 2528 829 2584 καλ

52 2618 259 2686 ιῇιφιεσιάιενος,
287 2620 440 2693 προῆλθεν.
468 2616 497 2676 οἷ
513 2613 535 2677 δ’
553 2616 601 2677 ἐπὶ
611 2619 664 2690 τὴν
677 2616 847 2694 παράληψιν

604 2704 628 2754 G
652 2719 672 2759 τ
752 2707 756 2713 ’
