1928 2954
152 131 187 185 62
273 123 435 176 DIONst
451 96 796 174 πλοισιιιιιιοεοιιοιο

154 275 169 298 ,,
154 251 226 302 ,μοι
241 230 290 285 οδν
303 234 360 295 τοῖς
382 229 583 304 πρεσβυτέροις.
610 221 644 283 οὗ
665 229 719 301 γάρ
737 228 921 329 κλὲψρντες“
895 249 926 284 το

153 357 171 386 ,,
180 316 287 387 χωρίον,
303 311 373 371 άλλά
384 316 433 388 βίᾳ
443 310 489 368 καί
499 313 620 395 φανερῶς
633 316 787 386 ἐξαρὸῖιντες
800 306 904 383 ἄνιμεν.
908 315 925 345 “

218 396 309 456 XLV.
327 392 432 456 ι”Ετιδ
448 393 533 452 αὖτοῐι
555 399 727 469 βουλομένου
741 397 826 470 λέγειν
843 392 926 452 τάκό-

155 486 264 555 λουθα,
294 476 516 554 ὑπολαβὼνὸ
499 502 602 544 υπατος
617 473 703 537 εἶπεν
726 476 789 548 ,,οά
817 482 926 537 πολλῶν

154 568 215 638 ,,διῖ
233 525 334 640 λάγων·
362 562 419 622 ἄλλ’
446 563 469 620 εἰ
493 566 542 637 μὲν
571 564 712 638 ὑπομένεις
737 565 865 639 πράττειν
891 568 925 621 τά

154 653 406 726 ,,ιιροοταττόμενα,
424 650 505 721 χώρει
524 651 569 705 διά
583 651 682 719 ταχέων
688 691 697 717 ,
724 648 822 721 καὶμὴ
836 671 925 724 παροιι

154 736 332 809 ,,στροτήγει·
352 731 375 789 εἷ
388 729 417 790 δ’
428 733 580 805 ἀφίστασαι
593 732 640 790 καί
653 731 863 808 ἀποδιδράσκεις
877 736 926 791 τδν
940 738 945 745 ’

155 819 310 889 ,,κίνδυνον,
323 821 422 892 ἑτέροις
436 816 471 881 εἷς
485 820 516 872 τὸ
530 817 609 892 ἔργον
618 819 764 891 χρήσομαι.
778 819 814 874 σι)
830 817 859 874 δι’
878 820 925 883 τάς

154 905 269 973 ,ἑκατὸν
282 904 366 959 εἴκοσι
381 905 467 976 μάχας
481 899 695 1006 άγοινισάμινος,
722 901 768 958 καὶ
780 904 814 957 τά
828 922 924 958 τιττα-

153 988 294 1058 ,,ράκοντα
308 985 353 1055 ἔτη
366 987 634 1086 στρατευσάμενος,
629 985 675 1042 καί
693 989 925 1059 κατατετρωμένος

156 1067 239 1136 ,,ὅλον
259 1072 290 1126 τδ
309 1092 403 1142 σοιμα,
431 1069 520 1138 ἐπειδὴ
538 1069 605 1126 ἑκὼν
620 1059 715 1140 ἦλθες,
741 1066 829 1127 &mm
855 1071 924 1144 μήτι

155 1155 303 1225 ,,ὄμιλήσας
318 1155 460 1227 πολεμίοις,
472 1155 526 1228 μητ
524 1149 621 1221 ἰδὼν,
631 1155 679 1211 καί
690 1151 752 1211 ολντλ
765 1157 818 1211 τῶν
832 1149 922 1211 οπλωι

154 1237 263 1313 ,,οίκόνα
277 1243 358 1296 πάλιν
372 1241 433 1304 τοὺς
447 1242 551 1312 λόγους,
566 1231 607 1303 οἷς
618 1241 704 1315 χρήσῃ
718 1241 789 1294 κατά
803 1241 856 1296 τῶν
869 1260 922 1296 πα-

154 1408 201 1478 ,,οἱ
213 1408 347 1483 στρεπτοὶ,
362 1407 410 1464 καί
424 1410 457 1464 τά
472 1410 576 1482 ψέλλια,
591 1408 636 1464 καί
650 1411 683 1464 τοί
698 1408 811 1480 δόρατα,
827 1407 874 1463 καί
887 1410 919 1463 τά

153 1496 299 1595 ,,φρίλαροι,
313 1492 359 1549 καὶ
374 1493 403 1548 οίι
419 1495 469 1547 τῶν
491 1491 599 1548 ὑπάτων
619 1496 761 1562 στέφανοι,
783 1492 830 1549 καί
844 1494 878 1547 τά
891 1496 920 1548 λκ

153 1581 225 1646 ,,τῶν
238 1582 410 1650 μονομαχιῶν
423 1579 548 1651 λάφυρα,
576 1577 620 1632 καί
634 1578 711 1632 πάσα
725 1600 740 1644 η
730 1572 820 1646 (ιλλλη
833 1575 917 1652 βαρίι

154 1682 230 1728 ,,της,
244 1657 277 1725 ἣν
290 1659 343 1716 τότ’
358 1660 528 1732 ἠνεσχόμεθά
543 1681 595 1716 σου
608 1664 747 1735 λίγοντος,·
773 1665 801 1716 ἐν
815 1661 855 1717 ἑνὶ
867 1664 919 1761 γάρ

154 1745 207 1810 ,,δη
223 1744 337 1817 τῷδε
303 1767 337 1818 τῳ
351 1745 417 1818 ε’ργῳ
431 1746 649 1845 βασανιζόμενος,
662 1746 732 1801 ἔνθα
747 1733 902 1810 κίνδυνος
888 1765 919 1812 ην

154 1826 313 1896 ,,αληθινὸς,
328 1830 489 1898 ἐξητάσθης,
512 1817 673 1896 σίοςῆσθα,
693 1829 732 1910 ὡς·
740 1827 854 1895 οιλαζὼν,
875 1826 921 1884 καί

153 1913 220 1975 ,,δάξ
211 1935 237 1986 η
253 1933 284 1966 το
275 1911 422 1986 ιλνδρεῖον
436 1912 610 1981 ἐπιτηδεύων,
628 1910 676 1970 οὖν
697 1899 847 1987 ιλληίλείρι.Η
874 1911 920 1968 καί

154 1995 169 2050 ὁ
184 1997 293 2059 Σίκκιος
307 1996 535 2065 δυσανασχετῶν’
522 2019 566 2052 επι
558 1997 636 2060 τοῖς
651 1996 795 2052 ὀνείδεσιν·
815 1991 918 2068 ,,Οῑδιι,

153 2081 265 2152 ,,φηολν,
283 2073 449 2155 ιίιῬομίλιε,
466 2078 508 2137 ὅτι
523 2081 600 2136 δυοῖν
616 2081 756 2154 πρόκειταί
775 2101 821 2136 σοι
834 2082 916 2137 θάττ-

154 2187 229 2238 ,,ρον,
252 2165 269 2234 ἢ
282 2170 366 2232 ζῶντα
381 2167 582 2239 διεργάσασθαι
595 2167 642 2222 καὶ
655 2169 685 2221 τὸ
698 2164 782 2238 μηδὲν
796 2165 916 2221 ιίποδοῦ·

157 2272 228 2314 ,,νοιι,
244 2251 324 2320 δηίξαν
343 2249 480 2321 αἰσχίστην
493 2249 704 2321 άπενεγκάμενσν
720 2250 825 2314 δειλίας,
840 2247 857 2318 ἢ
872 2270 917 2304 κιτ-

157 2338 225 2406 „ufic
238 2356 284 2390 και
274 2334 403 2405 άδηλως
427 2338 614 2390 κατακοπέντα
642 2333 693 2390 ὑπὸ
721 2336 772 2389 τῶν
785 2336 918 2406 πολεμίων

154 2415 342 2485 ,ιίποθανεῖν,
383 2417 473 2483 ἐπειδὴ
500 2413 577 2492 κρίγώ
601 2440 640 2481 τις
667 2412 795 2480 ἔδοξα
768 2439 838 2473 ιιναι
866 2420 916 2472 τῶν

143 2497 315 2570 ,,ιίξιοδντων
336 2502 470 2580 ἐλείιθερα
487 2523 608 2578 φρονειν
631 2522 663 2556 ου
683 2503 736 2573 γάρ
751 2499 786 2564 εἰς
805 2499 914 2570 ἄδηλον,

144 2586 226 2665 ,σῖλλ
240 2616 282 2662 εις
295 2599 474 2674 ἐγνωσμένον
488 2588 662 2649 ἆπσστὲλλεις
672 2604 704 2655 με
715 2585 850 2636 θάνατον
859 2585 927 2644 πλην
