1928 2954
174 186 451 254 ANT1Qv1TATvM
479 186 613 238 οοακα.
639 186 703 238 τοο.
719 186 767 238 οτι.
806 193 857 248 τευ

91 291 221 360 ἐνεχθείς,
245 291 281 355 εἷς
305 291 439 348 ἀπόνοιαν
463 289 618 367 ήνάγκααεν
645 287 743 357 αὐτοὺς
762 314 856 366 τραπε-

90 379 169 430 σόυι.
196 373 229 431 οὔ
243 379 296 448 γάρ
316 374 460 445 ἀνέσχοντο
480 380 531 432 τῶν
545 377 761 446 ἐπιβαλλομένων
776 375 858 431 ἕλκειν

90 460 139 527 τήν
153 465 257 528 νεκράν,
278 460 294 528 ή
308 461 372 523 τοὺς
385 455 488 533 ἄνδρας
501 459 537 524 εἷς
550 461 580 513 τό
594 460 773 533 δεσμωτήριον
788 460 858 516 άπά-

89 564 158 616 γειν,
189 540 245 599 ἀλλ’
265 546 446 617 ἐμβοήσαντες
459 547 566 607 ἑαυτοῖς
579 544 628 600 σόν
641 539 756 618 ὠθισμῷ
772 567 797 600 τε
812 545 858 600 καί

89 631 203 698 πληγαῖς
229 632 281 684 τῶν
304 631 477 700 βιαζομένων,
497 629 629 731 ἐξέβαλον
647 625 747 692 αὐτοὺς
765 634 793 684 ἐκ
815 633 859 696 τής

90 710 200 789 άγοράς.
234 709 286 769 οῖσι
286 710 507 785 ’ἠναγκάσθη
489 712 610 776 ακοήσας
624 716 711 768 ταῦτα
726 714 740 768 ὁ
750 709 859 776 ’Ἄππιος

90 790 146 867 τῖμα
167 802 274 865 συχνοῖς
293 799 409 902 ἑταίροις
426 797 473 852 καί
492 795 658 860 πελάταις’
636 817 672 862 εις
692 799 739 866 τήν
755 796 859 871 άγοράν

90 880 275 955 πορεύεσθαι,
303 883 394 937 παίειν
408 881 518 938 κελείιων
533 903 578 937 και
568 880 751 956 οῖνείργεινέ
739 882 859 937 ἐκποδὼν

90 966 155 1027 τούς
168 968 196 1019 ἐν
208 970 264 1029 τοῖς
279 969 430 1030 στενωποῖς.
458 969 613 1038 πυθόμενοι
629 966 657 1020 δὲ
672 969 720 1035 τήν
734 966 858 1021 διάνοιαν

90 1044 176 1103 αδτοῖι
196 1053 242 1118 τῆς
260 1050 353 1113 ἐξόδου
378 1046 521 1122 Οὐαλέριός
541 1072 566 1105 τε
587 1048 632 1105 καί
647 1048 783 1126 Ὁράτιος,
810 1047 857 1113 οῖῖς

89 1132 156 1203 ἔφην
182 1129 430 1206 ἡγεμονικωτάτους
453 1129 524 1190 εἶναι
549 1138 601 1188 τῶν
628 1132 857 1206 άντιποιουμίνων

88 1221 135 1285 τής
152 1222 322 1294 ἐλευθερίας,
347 1220 448 1285 πολλήν
461 1218 508 1273 καί
526 1215 638 1290 οῖγαθήν
665 1220 776 1287 νεότητα
797 1219 856 1291 περί

89 1301 189 1365 αὑτοὺς
216 1301 376 1375 άγαγόντες,
399 1302 523 1357 ἵστανται
545 1301 598 1372 πρὸ
614 1304 663 1356 τοῦ
678 1305 782 1375 νεκροῦ.
813 1302 858 1357 καί

88 1383 179 1455 ἐπειδή
195 1388 309 1451 πλησίον
325 1382 411 1440 αὐτῶν
430 1385 457 1439 οἱ
470 1384 530 1460 περί
544 1385 590 1439 τόν
600 1380 715 1441 Ἄππιον
728 1387 857 1459 ἐγίνοντο,

88 1471 196 1540 πρῶτον
209 1468 300 1539 μὲνιῖς
313 1472 410 1541 λόγους
420 1473 550 1538 ἐπαχθεῖς
564 1468 608 1523 καῖ
620 1472 859 1545 προπηλακισμοῖις

88 1554 159 1607 κατά
180 1557 226 1621 τής
244 1554 366 1618 ἐξουσίας
390 1549 477 1608 αὐτῶν
497 1554 630 1629 ἐχώρουν,
657 1553 747 1609 ἔπειτα
767 1554 812 1610 καί
826 1557 858 1606 τά

89 1637 153 1709 ἔργα
169 1634 251 1711 ὅμοια
264 1642 322 1701 τοῖς
335 1640 425 1710 λόγοις
439 1640 607 1709 παρείχοντο,
628 1639 752 1701 παίοντές
772 1660 798 1694 τε
813 1640 857 1694 καῖ

90 1718 282 1793 άνατρέποντες
300 1725 369 1785 τούς.
383 1722 464 1792 ὁμόσε
486 1725 648 1794 χωροῦντας.

161 1805 295 1863 XXXIX.
320 1803 351 1863 ‘0
367 1802 393 1860 δ’
403 1802 512 1871 Ἄππιος
526 1804 670 1879 οῖδημονῶν
683 1805 726 1861 εὀί
742 1805 777 1878 τῷ
791 1802 855 1877 παρ’

101 1890 183 1944 λπίδα
211 1894 257 1958 τής
284 1891 425 1958 κωλύσεως,
450 1890 495 1946 καί
523 1886 572 1945 οδκ
590 1890 661 1959 ἔχων,
689 1887 704 1944 ὅ
718 1892 857 1963 τιχρήσε-

106 1995 134 2027 αι
150 1978 206 2038 τοῖς
220 1974 351 2047 οῖνδράσι,
379 1977 427 2043 τήν
443 1972 645 2049 ὀλεθριωτάτην
660 1973 726 2045 ἐγνω
739 1974 857 2043 βαδίζειν

110 2059 163 2112 δόν.
191 2057 224 2122 ὥς
242 2061 294 2131 γάρ
314 2059 351 2114 ἔτι
370 2063 418 2113 τοῦ
438 2059 565 2125 πλήθους
589 2053 661 2128 αὐτῷ
688 2057 858 2126 διαμένοντος

114 2142 201 2212 τοίου,
221 2139 325 2212 οῖναβάς
339 2141 383 2196 ἐπί
396 2146 444 2196 τοῖν
455 2138 608 2211 Ἡφαίστου
621 2143 652 2194 τὸ
666 2139 752 2215 ἱερόν,
773 2143 859 2196 ἐκάλει

123 2247 137 2279 ν
152 2224 238 2293 δῆμον
259 2223 294 2288 εἷς
313 2227 471 2294 ἐκκλησίαν,
497 2223 542 2278 καί
559 2229 719 2297 κατηγορεῖν
736 2226 858 2300 ἐπειρᾶτο

128 2331 141 2364 ν
155 2307 260 2380 άνδρών
272 2311 446 2385 παρανομίαν
460 2307 548 2363 τεκαὶ
565 2304 658 2380 ὕβριν,
686 2309 793 2381 ἐξουσίᾳ
807 2309 857 2376 δη-

132 2394 207 2468 ρχικῇ
222 2394 266 2448 καί
281 2394 367 2450 ἐλπίδι
380 2394 471 2467 κούφῃ
484 2394 666 2466 ἐπαιρόμενος,
683 2389 724 2446 ὅτι
739 2413 858 2466 συναγα-

136 2479 251 2546 ιτήοαςὸ
266 2479 349 2549 δῆμος
363 2473 436 2550 αὐτῷ
458 2478 571 2552 παρήσει
587 2478 668 2550 ῥίψαι
682 2477 745 2540 τοὺς
759 2470 858 2550 άνόρας

142 2563 159 2615 ά
172 2565 218 2632 τῆς
229 2566 335 2636 πέτρας.
363 2562 390 2619 οἱ
405 2562 433 2618 δὲ
448 2561 508 2638 περὶ
521 2564 568 2617 τόν
586 2557 754 2635 Οὐαλέριον,
770 2559 866 2630 ’ἑτερου

146 2666 169 2698 ’ν
193 2650 237 2715 τήν·
254 2644 360 2728 α’γοροῖς
378 2651 629 2730 καταλαβόμενοι,
662 2647 713 2705 καὶ
734 2647 768 2700 το
787 2643 899 2706 mmm
949 2642 954 2651 '
