1928 2954
135 171 185 228 248
251 170 409 222 DIONYSII
426 167 772 225 HALICARNASSENSIS

136 275 204 346 ρλου,
227 273 272 328 καλ
285 274 337 332 δπδ
351 276 452 331 πολλῶν
466 273 553 350 όλίγοι
578 280 765 340 κυκλωθέντες.
786 273 890 343 άδελφά

138 354 166 410 δέ
179 356 283 421 τούτοις
296 358 418 427 έπυσχον,
433 352 501 427 ὅσοι,
520 361 586 432 πρός
605 359 690 414 σκυλά
702 379 730 413 τε
743 357 789 413 καὶ
802 355 891 429 άρπα·

137 441 186 511 γάς
196 444 371 539 τραπόμενοι,
398 444 429 497 τό
448 445 476 496 έν
498 443 606 539 κόσμῳ
604 441 690 497 τεκαὶ
705 443 772 505 τάξει
787 437 891 506 άποχω-

138 519 401 624 ρεῖνάφηρέθησαν·
423 524 468 579 και
494 527 548 599 γάρ
572 544 648 579 ουτοι
674 521 892 594 καταληφθέντες

139 604 191 659 ὑπὸ
205 608 256 660 τῶν
269 607 450 681 πολεμίων,
423 629 450 663 οι
462 608 511 679 μέν
523 608 688 679 ἐσφάγησαν,
708 628 735 661 οι
725 601 776 661 δ’
791 602 892 676 αἰχμά-

139 691 216 741 λωτοι
229 685 433 762 ἐλήφθησαν.
417 710 477 745 οσοι
498 690 526 745 δὲ
538 689 639 745 τούτων
666 710 693 744 τε
714 688 760 745 και
773 691 824 744 τῶν
837 685 892 741 άπδ

138 773 187 824 τοῦ
206 766 287 845 ὅρους
312 769 542 846 άπαρραγθέντων
568 771 754 842 διεσώθησαν,
782 767 832 842 όψέ
846 773 893 838 τῆς

139 849 207 923 ὥρας
220 856 270 909 τῶν
283 854 384 910 ἱππέων
396 851 487 917 αὐτοῖς
500 856 751 926 ἐπιβοηθησάντων,
766 851 893 922 άπῆλθον

139 934 182 989 ἐπὶ
196 938 242 990 τόν
252 940 367 1011 χάρακα.
394 937 478 992 ἐδόκει
497 933 519 992 τ’
539 934 629 1002 αὖτοῖς
646 939 831 1008 συλλαβέσθαι
844 936 892 991 τοῦ

139 1021 175 1086 μη
190 1019 321 1075 πασσυδελ
336 1019 523 1095 διαφθαρῆναι
534 1020 630 1092 χειμὼν
643 1021 725 1084 πολδς
736 1023 763 1081 ἐξ
774 1014 892 1092 οῧρανοῖι

140 1102 323 1176 καταρραγεὶς,
338 1104 383 1158 καὶ
396 1105 497 1169 σκότος,
511 1097 570 1159 οἷον
583 1107 610 1158 ἐν
624 1107 681 1166 ταῖς
692 1103 821 1177 βαθελαις
834 1100 893 1173 δμλ·

137 1185 211 1251 χλαις
223 1187 350 1255 γίνεται·
365 1181 380 1240 δ
393 1190 449 1250 τοῖς
459 1188 594 1257 πολεμίοις
607 1184 687 1241 δ’κνσν
700 1189 745 1252 τῆς
758 1183 802 1240 ἐπὶ
813 1185 892 1239 πλέον

140 1266 246 1332 διώξεως
265 1272 409 1343 παρεσχεν
437 1264 638 1339 οὐδυναμένοις
650 1290 683 1324 τα
676 1267 787 1340 πόῤῥω
799 1271 893 1322 καθο-

139 1348 199 1451 ρρῖν.
227 1371 257 1423 τη
248 1347 303 1406 “²0
322 1351 434 1424 ἐπλοάση
448 1351 523 1406 νυκτὶ
537 1349 689 1419 άναστὴσας
703 1352 751 1417 τὴν
764 1350 892 1422 στρατιάν

139 1428 283 1498 δῦιτατος,
310 1433 395 1506 άπῆγε
414 1435 476 1536 ριγῇ
500 1455 545 1489 και
558 1439 585 1489 έν
608 1435 705 1506 κόσμῳ,
720 1423 818 1487 λαθεῖν
830 1432 892 1495 τούς

141 1517 284 1585 πολεμίους
310 1517 520 1591 προνοοδμενος·
547 1516 593 1570 καὶ
618 1513 892 1588 κατεστρατοπέδευσε

139 1601 213 1670 παρά
228 1602 302 1655 πόλει
316 1603 441 1672 λεγομένῃ
453 1601 580 1673 Λογγόλᾳ
587 1643 596 1668 ,
619 1619 678 1670 περι
669 1594 813 1666 δείλην
798 1598 891 1668 οηάαν,

139 1681 260 1751 γήλοφον
283 1681 375 1737 ἱκανόν
388 1683 489 1755 ἐρύκειν
501 1682 563 1744 τοὺς
574 1683 697 1743 ἐπιόντας
719 1681 891 1752 ἐκλεξάμενος.

141 1761 209 1817 ἔνθα
225 1762 373 1835 ὑπομένων,
399 1766 461 1827 τοὺς
485 1784 512 1818 τε
536 1762 588 1819 διεδ
602 1765 762 1835 τραυμάτων
777 1765 891 1834 κάμνον·

140 1865 187 1906 τας
200 1843 328 1902 άνεκτάτο
346 1849 517 1920 θεραπελαις,
544 1844 589 1901 καὶ
603 1847 665 1911 τούς
691 1842 892 1918 ἀδημονοῦντας

140 1927 185 1982 ἐπὶ
199 1949 230 2003 τη
219 1929 384 2003 ’παραδόξω
395 1949 444 1986 του
458 1931 567 1992 πάθους
580 1926 691 2002 αἰσχύνη
706 1926 893 2002 παρἀμυθοὺ-

139 2030 224 2082 μενος,
239 2009 412 2082 ἀνελάμβανε.

205 2092 361 2150 LXXXVI.
380 2091 507 2167 Ῥωμαῖοι
522 2095 571 2167 μέν
584 2081 633 2150 οέιν
651 2097 679 2148 όν
692 2093 796 2156 τοδτοις
808 2113 891 2159 ησαν·

143 2171 308 2231 Οὗολοῒισκσι
324 2176 363 2241 δέ,
382 2173 504 2244 ἐπειδη
490 2179 573 2249 ημέρα
587 2196 613 2229 τε
627 2179 736 2247 ἐγένετο,
752 2175 797 2229 καὶ
810 2196 891 2248 εγνω-

139 2277 190 2312 σαν
202 2260 263 2322 τούς
277 2261 418 2331 πολεμέους
430 2261 614 2324 ἐκλελοιπότας
627 2261 672 2313 τόν
682 2261 799 2332 χάρακα,
808 2277 892 2330 προσ·

138 2343 261 2406 ελθόντες
273 2343 572 2415 κατεστρατοπέδευσαν.
587 2340 776 2405 σκυλεδσαντες
791 2339 893 2404 δεταιλς

138 2423 188 2475 τῶν
206 2424 337 2495 πολεμίων
359 2425 476 2525 νεκροὺς,
503 2423 548 2478 καὶ
571 2425 634 2487 τούς
652 2420 819 2524 ριιιθνητας,
846 2441 893 2485 ους

138 2508 315 2572 σταθήσεσθαι
327 2497 426 2571 ἐλπὶς
411 2528 452 2576 ην,
466 2504 624 2577 άνελόμενοι,
640 2507 727 2574 ταφάς
740 2525 765 2558 τε
779 2506 893 2571 ποιησά-

115 2608 200 2657 λίθοι
215 2592 269 2646 τῶν
280 2595 419 2669 σφετέρων
432 2593 541 2671 νεκρῶν,
565 2585 601 2655 εἰς
610 2589 656 2660 τὴν
672 2589 804 2662 {mmmm
816 2588 893 2639 πόλιν
