1928 2954
96 187 131 242 46
213 177 374 231 DIONYSII
394 176 743 232 HALICARNASSENSIS

96 287 195 344 τούτου
208 285 382 360 συνεβεβήκει
392 287 448 349 τοῖς
458 278 598 355 Ῥωμαίοις
608 280 657 354 οὐχ
670 281 702 342 δν
716 286 872 358 όβοίιλοντο

91 375 255 435 ἐκλέξασθαι
271 372 357 426 τόπον
370 367 407 432 είς
420 367 637 445 στρατοπεδείαν,
648 365 705 427 ἄλλ’
720 363 754 427 δν
768 369 871 429 ἔδωκεν

95 453 217 520 οδεοῒςό
237 457 345 530 καιρός·
373 451 443 510 ἔνθα
462 449 526 510 οὔτε
542 454 637 518 ἵπποις
652 456 729 523 χιλόν
743 451 872 531 τίπορον

96 530 127 608 ἦν
139 542 296 614 λαμβάνειν,
318 537 393 613 όρεσι
406 540 623 612 περικλειομίνου
641 542 690 596 τοῦ
709 542 798 598 τόπου
812 562 867 615 εμε-

94 629 150 690 λοῖς
164 624 210 680 καί
224 623 388 697 δυσβάτοις·
412 616 474 679 οὔτε
499 626 606 690 ἑαυτοῖς
630 626 735 700 τροφάς
762 628 792 680 ἐκ
820 629 869 703 τῆς

93 713 224 781 πολεμίας
238 708 421 781 συγκομίζειν,
437 706 528 776 ἐπειδη
542 709 738 779 κατηνάλωντο,
753 704 786 773 άς
798 707 867 783 ἔφε-

93 814 140 866 ρον
165 796 290 849 οἴκοθεν·
320 788 383 847 σι’ίτε
410 791 787 868 μεταστρατοπεδεύσασθοιι,
813 796 868 851 τῶν

91 878 224 951 πολεμίοιν
243 872 466 947 άντικαθημίνων
489 875 536 933 καί
559 879 714 933 κωλυόντων
733 879 781 942 τάς
805 878 867 943 ἐξά.

92 962 164 1024 δους.
183 959 342 1032 βιάσασθαί
355 979 382 1015 τε
396 953 588 1035 προελόμενοι,
616 960 662 1017 καί
682 965 865 1038 προελθόντες

91 1049 127 1110 είς
139 1047 236 1116 μάχην,
251 1041 489 1120 ἀνεκρούσθησαν,
516 1043 563 1101 καί
577 1047 677 1112 πολλάς
689 1049 793 1123 πληγάς
812 1051 865 1105 λα·

91 1132 198 1204 βόντες,
213 1131 250 1193 είς
264 1131 310 1184 τόν
325 1127 414 1185 αὑτῶν
427 1130 659 1200 κατεκλείσθησαν
668 1133 788 1206 χάρακα.
805 1126 865 1190 όδί

91 1219 203 1281 Κοίλιος
221 1213 353 1291 ἐπαρθείς
365 1213 401 1287 τῷ
414 1215 597 1290 προτερήματι
611 1216 715 1290 τούτῳ,
735 1220 864 1291 περιετά·

91 1303 173 1373 φρεσί
188 1321 214 1354 τε
229 1295 329 1364 αὐτοὺς
347 1299 393 1355 καί
413 1301 623 1376 περιεχαράκου,
645 1300 690 1356 καί
704 1304 805 1365 πολλάς
817 1306 863 1360 ἐλ-

91 1382 171 1447 πίδας
190 1378 241 1450 εἶχε
268 1384 336 1455 λιμῷ
362 1385 525 1448 πιεσθέντας
551 1384 725 1459 παραδώσειν
738 1381 816 1461 αὐτῷ
830 1388 864 1442 τά
933 1429 935 1446 ;

90 1464 170 1524 ὅπλα.
197 1466 361 1539 άφικομόνης
384 1463 414 1521 δ’
427 1464 463 1533 είς
472 1464 577 1540 Ῥώμην
590 1469 651 1543 περὶ
663 1469 764 1526 τοδτων
778 1468 862 1546 ἄγχε

90 1555 154 1616 λίος,
179 1555 294 1616 Κόϊντος
312 1551 415 1623 Φάβιος
422 1551 458 1624 ,ὁ
479 1553 671 1624 καταλειφθείς
690 1555 735 1611 ἐπὶ
751 1558 797 1624 τῆς
811 1559 864 1613 πό·
926 1610 929 1615 .

90 1640 150 1696 λεως
165 1634 290 1708 ἔπαρχος,
306 1631 361 1689 άπό
378 1636 422 1702 τῆς
435 1634 486 1689 σὺν
500 1633 572 1708 αὑτῷ
586 1639 720 1710 στρατιάς,
745 1634 816 1695 ὅσον
829 1630 862 1708 ἦν

90 1716 275 1790 άκμαιόιαιόν
291 1717 379 1772 τεκαὶ
399 1719 542 1791 κράτιστον
558 1722 676 1784 ἐπιλέξας
693 1726 789 1793 κε’ρος,
818 1725 865 1781 ἐπὶ

90 1801 247 1872 συμμαχίαν
260 1800 362 1873 ἔπεμψε
376 1800 413 1873 τῷ
427 1798 531 1876 ὑπάτῳ.
546 1797 636 1875 ηχεῖτο
659 1803 686 1857 δὲ
705 1807 751 1872 τῆς
771 1806 866 1863 δυνά.

90 1907 156 1959 μεως
170 1884 269 1954 εαίιτης
286 1887 367 1946 Ίίτος
379 1882 508 1950 Κοίντιος
522 1885 538 1941 ό
551 1887 660 1957 ταμίας,
673 1883 743 1961 άνηρ
759 1885 863 1946 δπαυι-

91 1973 146 2035 κός.
162 1971 228 2047 πρὸς
243 1969 271 2025 δὲ
285 1969 331 2024 τόν
346 1964 436 2043 ἕτερον
450 1964 636 2037 τῶν’ὗπάτων,
652 1971 794 2047 Ναάτιον,
815 1978 863 2033 ἐπὶ
949 2028 951 2033 ,

90 2060 135 2126 τῆς
148 2060 175 2111 ἐν
189 2055 320 2128 Σαβίνοις
333 2053 463 2131 στρατιάς
489 2053 555 2110 ὄντα
577 2056 726 2131 γράμματα
748 2056 864 2132 διαπόμ-

92 2160 158 2214 ιμας,
174 2141 207 2195 τά
221 2161 248 2195 ιε
267 2140 410 2212 συμβάντα
429 2137 465 2213 τῷ
478 2139 607 2214 Μινυκίῳ
626 2139 784 2214 διεσάφησε,
815 2145 862 2201 καί

90 2222 177 2281 αὐτόν
190 2220 264 2293 ἥκειν
277 2220 352 2293 ἠξίου
366 2223 412 2279 διά
432 2226 540 2294 ταχέων.
565 2220 700 2300 κηῖκεῖνος,
715 2230 862 2304 ἐπιτρίψας

91 2313 147 2373 τοῖς
160 2311 338 2382 πρεσβευταῖς
351 2310 398 2364 τόν
409 2308 520 2382 χάρακα
532 2311 685 2384 φυλάττειν,
713 2306 794 2377 αὐτὸς
809 2314 860 2369 σίιν

91 2397 146 2455 τοῖς
160 2391 251 2459 ἄλλοις
265 2393 395 2450 ίιεπεῦσιν
408 2388 444 2457 είς
458 2394 506 2460 την
520 2395 599 2450 πόλιν
610 2394 723 2463 ἐλαύνει,
739 2399 863 2470 συντόνῳ

86 2478 257 2550 χρησάμενος
271 2476 405 2554 ίππασίρι·
420 2473 549 2534 εἶσελθών
561 2473 590 2533 δ’
604 2477 640 2545 είς
654 2481 702 2550 την
716 2481 805 2547 πόλιν,
819 2481 862 2537 ἔτι

77 2565 181 2632 νυκτός
193 2567 296 2643 πολλῆς
310 2558 407 2642 οὔσης,
422 2560 580 2642 ίβουλείιεεο
590 2563 638 2622 σίιν
650 2564 688 2638 u}
704 2567 800 2638 Φαβίῳ
812 2562 860 2621 καί

67 2656 122 2713 τῶν
151 2650 249 2719 άλλων
278 2659 403 2723 πολιτῶν
432 2656 494 2727 τοῖς
520 2650 742 2733 πρεσβυτάτοις,
758 2642 820 2700 'w
829 2647 885 2715 1¹2¹*
