1928 2954
163 186 198 245 56
282 184 801 240 DIONYSII'HALICARNASSENSIS

161 291 211 344 τείν
222 291 322 362 μίτρου
335 294 381 359 τής
398 292 522 365 τιμωρίας
540 290 640 366 κίριον.
666 293 803 347 πολιτικὸν
822 290 866 359 δέ,
883 293 915 348 τί

163 375 230 429 ’tutu'
243 375 343 443 νόμους
356 372 504 447 ιίιεσλογίας
516 377 628 444 τυχόντα
645 376 691 429 τὸν
706 373 842 442 ὖπατικδν,
860 370 878 431 ὅ
890 397 916 431 τι

159 452 195 514 ἂν
217 461 273 521 τοῖς
298 461 399 515 πλείοσι
427 457 566 525 δικασταῖς
591 458 666 530 δόξῃ,
695 462 776 515 τοῦτο
803 463 915 515 παθεῖν.

160 541 285 597 πείθεται
297 544 404 605 τούτοις
417 542 433 598 δ
447 544 588 608 Σικίννιος,
601 543 683 614 μηδὲν
696 542 764 615 δρῶν
776 542 915 616 βούλευμα

159 628 291 699 κρεῖττον,
308 649 354 684 και
344 625 564 700 παρελθων
549 645 614 698 εφη·
640 627 719 695 ,Τήν
730 649 779 700 μεν
792 627 916 696 σπουδήν

159 710 307 810 ,,ὁρᾶτε
273 730 323 765 των
337 712 495 850 πατρικίωνέ
510 713 556 780 τήν
569 707 605 775 εἷς
616 713 651 766 τοί
664 711 764 783 φονικιί
778 734 824 767 και
814 710 915 782 βίαια

158 793 249 865 ,,ἴργα,
265 781 454 864 ωδήμότοιι,’
437 815 505 856 ωςτ
483 796 540 858 ἑνδς
541 790 822 894 ιίνδρδςαδθοίδους,
851 791 916 865 ὅλην

159 874 384 950 ,εἰδικσδντος
356 899 402 944 την
420 880 510 944 πόλιν,
537 867 617 944 ήττον
635 880 744 935 τίθεται
761 882 790 934 τὸ
809 881 916 948 πλῆθος

160 963 209 1025 ,,τδ
229 960 361 1067 ὑμέτερον.
381 957 414 1017 οὗ
428 963 481 1032 μήν
507 961 617 1034 ὁμοίους
641 984 670 1035 γε
695 965 840 1037 γίγνεσθαι
862 962 914 1037 γρή

158 1040 275 1116 ,,αὗτοῖς,
291 1065 336 1102 και
326 1045 394 1101 ἐπὶ
408 1048 523 1116 κεφαλήν
534 1042 685 1111 ὠθεῖσθαι,
714 1042 770 1102 οδε
784 1042 914 1151 ι’ίργοντας

159 1127 346 1232 ,,ορλέμου,’
318 1125 374 1185 οὔτ’
390 1127 585 1202 ἀμυνομένους·
604 1126 660 1186 ἄλλ’
673 1129 763 1198 ἐπειδή
777 1133 912 1226 πρόφασιν

157 1210 295 1287 ,,εὖττρεπή
318 1215 517 1288 προβάλλονταί
539 1235 605 1281 τινες
627 1218 672 1271 τίν
689 1216 789 1316 νόμον,
810 1236 830 1287 ῳ
818 1202 912 1281 ιίοή·

158 1295 328 1363 ,,θοῖιντες’
310 1300 491 1373 αφαιροῦνται
504 1301 549 1365 τῆς
563 1295 730 1364 κολάσεως,
716 1320 745 1362 σς
758 1296 807 1356 οὐκ
819 1299 851 1372 έρῖ
864 1300 915 1353 τῶν

158 1384 292 1452 ,,ττολιτῶν
305 1380 402 1437 οὐδένα
416 1379 916 1456 αι’τσκτεῖναιακριτον,συγχωρήσωμεν

158 1459 271 1535 ,,αδτσίς
295 1466 326 1519 τὸ
352 1463 457 1519 δίκαιον
483 1469 579 1532 τοῦτο,
604 1467 700 1541 καίπερ
725 1464 789 1522 οὐδὲ
814 1468 914 1539 νόμιμα

158 1548 330 1617 ,,πιίσγοντες,
352 1546 413 1604 οὐδέ
427 1549 520 1604 δίκαια
536 1545 580 1604 ὑπ’
597 1547 699 1605 αὐτῶν·
725 1549 771 1649 κρί
784 1548 914 1620 δείξωμεν,

157 1627 221 1700 ,,ὅτι
232 1635 288 1696 τοῖς
301 1629 448 1705 εὐγνώμοσι
460 1633 560 1701 μαλλον
573 1633 717 1735 κρείττους,
737 1629 753 1699 ἢ
769 1637 825 1698 τοῖς
835 1636 914 1704 βιαί-

157 1735 215 1781 ,ο,ις
233 1709 302 1770 εἶναι
325 1717 376 1770 τῶν
395 1713 597 1771 οἷδικοδντων*
586 1717 654 1788 υμᾶς
678 1718 792 1772 πολιτῶν
817 1719 916 1789 βουλό-

158 1798 284 1868 ,,μεθα.ι
272 1802 343 1870 ομείς
359 1786 454 1871 μέν
421 1821 470 1855 ουν
483 1793 575 1865 ίίπιττ,
598 1821 644 1854 και
635 1799 701 1856 τδν
713 1802 842 1871 μέλλοντα
856 1825 915 1858 και·

159 1885 226 1956 ,,ρὸν
239 1882 386 1950 ἐκδέχεσθε,
402 1904 434 1939 ου
425 1880 535 1939 πολδν
547 1880 708 1956 ε’σόμενονᾌ
694 1888 769 1956 ημεῖς
780 1883 807 1939 δέ
822 1908 914 1959 παρα-

158 1970 369 2038 ,,σκιυασοίμενοι
383 1969 416 2022 τιί
427 1968 615 2042 κατεπείγοντα
629 1969 805 2070 προθήσομεν
814 1972 914 2073 χρόνον

158 2074 212 2124 ,,τῳ
200 2049 348 2124 ”οἷνδρὶ’
326 2073 361 2115 εις
379 2049 541 2126 σιτολογίαν,
565 2051 612 2107 καί
630 2053 677 2119 τήν
696 2054 772 2155 δίκήγ
784 2049 854 2124 ίφ’
841 2057 913 2126 υμῶν

159 2138 371 2210 ,συντελέσομεν
399 2131 464 2191 ὅταν
482 2135 510 2190 δέ
526 2138 642 2208 γένησθε
661 2141 706 2205 τῆς
728 2138 822 2238 φήφου
844 2140 913 2194 κατα

158 2223 226 2286 ,,τὸν
238 2221 321 2292 νόμον
334 2219 435 2294 κίριοι,
453 2221 579 2324 τιμήσατε
597 2217 668 2293 αὐτῷ
686 2208 715 2287 ής
731 2217 764 2276 ιῖν
778 2215 851 2282 ίίξεον
864 2216 913 2278 εὕ-

158 2326 240 2378 ,,ρητε
254 2306 354 2377 ζημίας.
368 2303 413 2358 και
425 2303 486 2374 περὶ
497 2305 546 2376 μέν
559 2303 658 2360 τούτου
671 2325 799 2362 τοσαυτα.
826 2309 871 2374 τῆς
884 2305 912 2362 δι’

157 2391 226 2460 ,,τοῖι
240 2389 318 2443 σίτου
332 2386 497 2461 διαπράσεώς
510 2409 537 2443 τε
550 2410 596 2442 και
586 2386 760 2453 διαθέσεως,
774 2384 807 2444 ἰ”ν
822 2391 850 2445 ἐκ
864 2391 913 2445 τοῦ

156 2469 350 2539 ,,δικαιοτιίτου
374 2475 494 2542 γένηται,
520 2469 543 2526 εἶ
558 2473 594 2543 μή
612 2494 650 2537 τις
661 2471 736 2528 ἔσται
749 2470 854 2538 τούτοις
867 2472 913 2530 καί

143 2552 305 2630 1ήβσνλῇ
314 2554 439 2630 φροντίς,
467 2557 712 2628 ίαιμελησδμεθα.ἔ,’
728 2558 812 2612 ταῦτα
823 2556 913 2623 είπῶν,

131 2632 239 2692 ν’τιλυοε
257 2643 309 2710 τήν
321 2644 485 2717 ἐκκλησίαν.
