1928 2954
161 167 440 237 ANTIQVITATVM
458 166 592 220 ROMAN.
612 169 677 221 τεο.
694 170 754 222 xn.
806 176 856 231 20⁵

230 343 439 392 Servorum
474 341 721 405 conjuratio.

159 443 208 502 Vl.
229 442 372 521 Ἀγρίππας
385 447 521 515 Μενήνιος
545 445 593 501 καὶ
613 445 755 508 Πούπλιος
776 452 866 517 κίον-ἡ

93 533 201 606 κράτιυς
215 531 259 586 καὶ
279 530 407 604 Σερούιος
426 530 557 597 Ναύτιος,
576 532 710 605 χιλιόρχυι
724 533 856 602 τιμηθέν·

97 637 143 687 τες,
160 617 283 671 ἐπίθεσίν
299 637 357 670 τινα
373 618 442 669 κατυὲ
461 618 507 684 τῆς
521 618 630 678 Πόλεως
643 616 788 688 γενομένην
802 614 856 670 ύπό

93 699 197 755 όούλων
222 700 374 771 ἐφώρασαν.
407 697 513 760 ἔμελλον
540 699 567 754 δὲ
587 697 613 754 οἱ
637 700 788 771 μετέχοντες
813 703 858 768 τῆς

91 786 272 857 συνωμοσίας,
288 785 342 856 πύρ
357 783 514 854 ἱμβιιλόντις
530 788 587 859 ταῖς
601 780 697 846 οἰκίαις
711 785 780 840 καιιύ
795 785 858 838 πολ-

93 870 157 932 λούς
169 864 227 939 ἅμα
246 870 347 932 τόπους
364 866 480 943 νύκτωρ,
508 867 590 924 ὁπότε
607 871 726 941 μάθοιεν
747 867 792 923 ἐπὶ
810 869 859 927 τόν

93 956 145 1008 τῶν
160 954 306 1024 καιομένων
317 952 454 1022 βοηθείαν
467 951 619 1026 ὡρμηκότας
640 948 770 1024 ἅπαντας,
787 954 859 1019 τότε

94 1038 270 1093 Καπιτώλιον
283 1036 329 1092 καὶ
341 1036 404 1100 τυύς
422 1033 519 1100 ἄλλους
538 1038 668 1112 ἕρυμνούς
681 1039 859 1110 καταλαμβοίς

93 1127 193 1178 νεσθαι
206 1123 317 1188 τόπους,
339 1125 475 1198 ἐγκρατεῖς
490 1121 517 1178 ύὲ
533 1125 672 1194 γενόμενοι
690 1126 742 1177 τῶν
763 1143 857 1195 καρτε-

92 1208 145 1278 ρῶν
159 1209 204 1274 τῆς
227 1209 352 1274 Πόλεως,
378 1205 422 1262 ε’πλ
440 1208 489 1272 τὴν
508 1208 666 1278 ἐλευθερίαν
684 1208 746 1270 τυύς
760 1201 857 1270 ἄλλους

95 1289 207 1352 δούλους
226 1293 405 1364 παρακαλεῖν,
434 1289 480 1344 καὶ
490 1291 539 1344 σύν
553 1291 662 1352 ἐκείνοις
676 1287 857 1345 ἀποκτείναν-

94 1394 135 1437 τες
148 1375 211 1437 τούς
230 1373 360 1436 δεσπότας
380 1375 426 1438 ταὶς
445 1376 495 1428 τῶν
509 1375 715 1446 πεφονευμένων
727 1377 858 1447 γυναῖκάς

95 1479 121 1512 τε
136 1457 180 1512 καὶ
195 1458 296 1526 κτήσεις
310 1460 548 1531 παραλαμβάνειν.
568 1462 613 1529 τῆς
633 1459 661 1513 όὲ
685 1461 799 1532 πράξεως
813 1480 857 1514 πε-

95 1544 226 1616 ριφανοῦς
252 1543 401 1618 γενομένης,
418 1545 615 1612 συλληφθέντες
630 1542 657 1598 οἱ
681 1547 782 1616 πρῶτοι
796 1564 858 1598 συν-

96 1629 188 1689 θέντες
201 1630 248 1695 τήν
262 1629 417 1699 ἐπιβουλήν,
431 1628 476 1682 καὶ
488 1629 720 1702 μαστιγωθέντες,
739 1628 784 1683 ἐπὶ
796 1629 858 1692 τυύς

95 1713 228 1784 σταυροὺς
242 1710 417 1780 ἀνήχθησαν·
445 1714 497 1766 τῶν
511 1712 538 1766 όὲ
550 1714 727 1783 μηνυσύντων
742 1708 856 1784 αύτούς,

95 1796 178 1851 ὄντων
194 1796 281 1862 δυοῖν,
311 1796 469 1870 ἐλευθερίαν
482 1817 509 1850 τε
523 1797 568 1852 καὶ
597 1795 717 1872 ύραχμιὶς
742 1796 856 1872 [χιλίας]

94 1882 218 1952 ἑκάτερος
231 1881 324 1955 ἔλαβεν
338 1885 366 1936 ἐκ
381 1881 429 1937 τού
442 1881 583 1953 όημυσίου.

159 1963 214 2022 Vll
218 2006 383 2021 ........
411 1964 521 2022 ἔσπευόε
546 1968 593 2021 τόν
608 1967 726 2037 πόλεμον
741 1967 858 2019 συντελέ-

96 2071 142 2104 σαι
157 2054 184 2103 ἑν
197 2047 300 2121 ὀλίγαις
314 2045 423 2122 ἡμέραις
442 2049 458 2103 ό
467 2046 599 2118 Ῥωμαῖος
609 2052 756 2121 χιλίαρχος,
778 2048 811 2112 ὡς
826 2049 857 2117 δη

96 2130 194 2206 ῥηίόιόν
209 2154 232 2187 τι
247 2133 359 2206 πρᾶγμα
383 2131 429 2187 καλ
443 2136 512 2186 κατυί
522 2135 611 2205 χειρὸς
625 2129 697 2206 αύτῷ
710 2133 857 2207 γενησόμε-

96 2238 152 2282 νον,
169 2216 338 2289 ύποχιιρίυος
358 2218 530 2287 ποιήσασθαι
549 2219 597 2292 μίρι
610 2219 683 2292 μάχη
699 2220 761 2282 τυύς
776 2220 857 2273 πυλε-

96 2303 183 2374 μίους.
209 2302 245 2375 τῷ
269 2301 296 2355 δὲ
315 2297 426 2373 ἡγεμόνι
445 2304 496 2356 τῶν
515 2303 646 2373 πολεμίων
664 2305 857 2376 ἐνθυμουμένῳ

95 2389 126 2442 τό
140 2408 166 2442 τι
180 2388 407 2461 ἐμπειροπόλεμυν
417 2388 466 2439 τῶν
476 2383 613 2458 Ῥωμαίων
623 2385 668 2442 καὶ
683 2389 712 2442 τό
726 2391 753 2442 ἐν
768 2386 856 2443 κινόύ·

96 2493 150 2534 νοις
164 2472 328 2544 καρτερικὸν,
355 2473 442 2542 μάχην
454 2471 502 2542 μὲν
516 2476 543 2526 ἐκ
559 2474 726 2544 παρατάξεως
736 2475 797 2541 ἴσην
811 2473 857 2527 καί

96 2560 218 2628 φανερόν
237 2560 379 2613 ποιεῖσθαι
405 2558 470 2630 πρός
485 2552 583 2622 αύτούς
597 2551 646 2610 υύιι
668 2556 766 2612 ἐδόκει·
797 2556 859 2609 διυ-

91 2644 250 2711 ονρατηγεῖν
262 2640 293 2694 όέ
305 2643 352 2697 τόν
365 2643 487 2717 πόλεμον
501 2640 629 2710 ἅπόιταις
643 2641 702 2701 τισὶ
716 2642 768 2697 καὶ
781 2639 887 2692 δόλου·
