1928 2954
97 152 101 159 ’
124 157 158 215 34
253 154 413 205 DIONYSH
431 150 771 205 HALICARNASSENSlb

121 262 169 318 καί
193 257 362 333 δημοτῶν,
348 284 364 331 η
383 261 545 333 γενησομένη
564 261 638 333 πυρά
658 261 720 323 τούς
739 258 879 340 κινάίννσυς

122 350 210 402 κακῶν
235 367 260 401 τε
281 345 325 400 καί
348 341 493 419 άγαθῶν’
482 347 629 426 ισομοιρία
656 340 710 400 άλλ’
726 341 775 399 οὗκ
795 341 828 413 ἠν
848 352 877 402 τά

122 429 264 500 πλῆθος“
254 432 371 499 υπηκοον
398 426 502 496 αὐτοῖς,
530 424 644 495 οὗῦὲ,
624 448 710 531 ωσπερ
736 432 876 503 πρότερον

122 515 245 579 ἑκούσιον
269 513 371 584 ὑπήντα
390 515 457 588 πρὸς
476 515 523 582 τήν
542 514 728 586 καταγραφήν.
757 511 876 586 άνάγκην

123 599 151 654 δὲ
163 602 323 672 προσφέρειν
349 603 404 660 τοῖς
421 599 461 670 μη
478 598 653 670 βουλομένοις
673 593 722 652 οὐκ
741 598 876 653 ίόικαίουν

122 684 169 751 τήν
183 687 209 738 ἐκ
225 685 275 737 τῶν
290 685 376 753 νόμων
390 681 417 738 οἱ
430 678 542 737 ὕπατοι·
557 675 612 736 ἄλλ’
625 685 653 736 ἐκ
667 683 717 736 τῶν
730 683 876 752 πατρικίων

122 768 263 824 ἐθέλονταί
277 787 342 829 τινες
354 767 562 839 κατεγράφησαν
581 761 637 835 ἅμα
661 769 716 828 τοῖς
734 769 874 829 πελάταις4

121 850 166 906 καί
181 846 273 914 αὐτοῖς
287 853 399 912 ἐξιοῦσιν
414 847 506 922 ὀλίγον
519 871 545 905 τι
559 847 612 905 άπὸ
627 851 674 904 τοῦ
698 849 787 922 δήμου
797 854 875 923 μέρος

121 937 332 1008 συνεστράτευεν.
357 930 459 1007 ἡγεμών
472 933 500 988 δὲ
511 937 561 989 τῶν
573 934 734 994 ἐξελθόντων
747 921 779 1002 ἦν
794 936 875 998 Γάϊος

120 1020 257 1092 Μάρκιος,
285 1018 361 1085 ὁτὴν
380 1019 554 1090 Κοριολάνων
572 1020 650 1073 πόλιν
669 1017 747 1082 ἑλών,
777 1018 824 1073 καί
842 1019 875 1091 τῇ

120 1107 185 1177 πρὸς
197 1098 327 1166 Ἀντιάτας
338 1099 495 1204 ἀριστεύσας
506 1105 587 1175 μάχῃ.
596 1102 641 1158 καί
655 1101 681 1157 οἱ
694 1105 811 1158 πλεῖστοι
825 1105 875 1158 τῶν

120 1190 309 1260 συνᾳραμένων
332 1189 364 1241 τά
391 1182 460 1241 ὅπλα
489 1187 625 1256 θημοτῶν,
653 1187 750 1241 τοῦτον
774 1189 874 1252 εξιόντα

121 1271 246 1344 ὁρῶντες,
273 1268 533 1343 ἐπερρώσθησαν,
508 1272 592 1343 οιμὲν
606 1265 675 1324 ὁι”
651 1267 771 1333 ειίνοιιτν,
801 1269 827 1325 οἱ
847 1271 874 1326 di

120 1376 168 1409 του
183 1355 367 1429 κατορθώσειν
385 1353 487 1409 ελπίιίι·
510 1356 668 1427 περιβόητος
681 1341 762 1429 γάρ
748 1377 780 1423 ην
792 1350 875 1423 ἤθη
859 1375 875 1410 ο

120 1435 202 1512 ιίνηρ,
232 1462 277 1494 και
268 1438 355 1500 ὅέος
373 1433 459 1493 afim&
479 1439 635 1511 μίγαπαριί
660 1442 716 1504 τοῖς
740 1437 875 1511 πολεμίοις

119 1525 244 1596 ἐγεγόνει.
269 1517 337 1589 αὕτη
351 1525 524 1597 προελθοῦσα
537 1519 553 1591 ἦ
567 1524 677 1595 στρατιά
690 1525 764 1596 μέχρι
777 1525 875 1586 πόλεως

117 1602 225 1674 Ἀντίου,
247 1605 349 1672 δίχα’
321 1626 411 1671 σιτου,
432 1609 532 1662 πολλου
546 1609 792 1678 καταληφθὲντος’
779 1629 807 1661 εν
817 1609 875 1670 τοῖς

119 1688 226 1763 άγροῖς,
252 1690 297 1745 καί
317 1687 498 1791 άνόραπάὸων
514 1712 559 1745 και
549 1690 754 1760 βοσκημάτων
771 1693 874 1759 συχνῶν

119 1775 246 1849 ἐγκρατὴς
258 1776 375 1846 ἐγένετο,
402 1774 447 1829 καί
467 1796 516 1830 ουν
528 1769 582 1846 μετ’
597 1795 630 1831 συ
622 1770 713 1830 ’πσλυ
726 1777 813 1848 παρῆν
827 1770 873 1828 εὗ-

119 1861 255 1935 πορωτὲρα
269 1861 395 1931 γεγονυῖα
408 1862 470 1927 τοῖς
484 1863 552 1914 κατά
572 1862 618 1914 τὸν
635 1859 712 1930 βίον·
734 1854 798 1914 ὥστε
817 1861 873 1921 τοῖς

121 1941 278 2013 ὑπομείνασι
292 1944 392 2011 πολλὴν
404 1944 550 2011 κατήφειαν
564 1943 610 1998 καὶ
627 1944 798 2014 κατάμεμψιν
820 1945 871 1996 τῶν
901 1984 905 1993 ,

120 2027 283 2099 δημαγωγῶν
302 2029 436 2095 ἐμπεσεῖν,
462 2023 495 2082 σι’
517 2023 564 2090 οὓς
585 2024 796 2098 ἀποστερεῖσθαι
813 2025 871 2082 ίώό·

119 2130 183 2164 κσσν
197 2114 242 2177 τῆς
255 2110 349 2181 ὁμοίας
367 2106 497 2179 εὐτυχίας.
524 2111 540 2166 ὅ
559 2112 606 2181 μὲν
625 2112 657 2177 ὀὴ
678 2112 807 2184 Γεγάνιος
827 2110 871 2165 καί

118 2193 267 2260 Μτνὺκιος,
294 2193 321 2248 οἱ
339 2197 435 2248 τοῦτον
448 2195 497 2250 τὸν
509 2198 631 2250 ἐνιαυτὸν
650 2193 830 2259 ὕπατείνοντες,
844 2197 870 2248 ἐν

76 2294 93 2337 ,·
117 2280 241 2348 μεγάλοις
258 2275 303 2332 καί
327 2278 511 2342 παντοθαττοῒς
529 2281 637 2351 χειμῶσι
654 2281 800 2350 γενόμενοι,
827 2277 870 2334 καί

119 2364 243 2426 πολλάκις
257 2359 405 2433 ἀνατρέψαι
415 2362 632 2426 κινῦυνεὺσαντες
646 2364 693 2430 τήν
708 2366 798 2429 πόλιν,
818 2358 869 2417 οὗ·

117 2445 168 2499 θὲν
182 2445 266 2500 δεινὸν
292 2443 457 2520 εἰργάσαντο,
484 2444 552 2502 ἄλλά
577 2447 705 2502 άιίσωσαν
723 2449 756 2502 τά
782 2447 868 2511 κοινά,

116 2529 313 2600 φρονιμώτερον
326 2531 435 2604 μάλλον,
449 2527 467 2600 ἢ
478 2525 671 2607 εὐτυχέστερον,
684 2534 740 2595 τοῖς
752 2530 868 2606 συμβαί·

98 2623 179 2659 τουσι
183 2613 370 2684 [μησάμενον.
449 2663 452 2670 .
