1928 2954
114 175 147 228 58
230 164 756 225 n10NYs11HAL10AnNASSENsls

113 276 186 345 διος,
202 272 260 338 υίδς
271 271 381 329 Ἀππίου
395 270 549 339 Κλαυδίου,
574 273 622 327 τού
637 272 711 345 παρά
725 271 820 327 πάντα
833 274 884 329 τδτ

113 362 211 434 χρόνον
224 362 280 423 τοῖς
292 356 453 432 εἶαηγήμασι
471 359 523 412 τῶν
540 356 704 430 δημοτικῶν,
723 357 752 411 εἴ
767 374 831 413 τινα
843 358 884 429 μή

114 446 215 515 νόμιμα
228 431 274 511 ἦν,
289 444 515 513 ἐναντιωθέντος,
535 440 736 513 διαδεδεγμένος
755 442 791 495 τά
804 446 886 498 πολι·

114 528 232 598 τεύματα
244 530 293 583 τού
307 528 417 600 πατρὸς,
432 526 477 582 καί
492 520 529 580 ὅτ’
544 520 625 589 αύιός
638 518 688 595 εἶχε
702 525 752 593 τήν
770 519 884 583 ὕπατον

114 609 212 687 άρχήν,
227 610 347 675 κωλύσας
360 611 480 680 δοθῆναι
502 613 557 672 τοῖς
577 609 722 680 δημάρχοις
740 609 791 677 τήν
809 613 884 667 κακοί

114 700 167 751 τῶν
185 694 286 752 ἱππέων
305 697 356 750 τῶν
368 695 411 750 ἐπί
430 695 464 768 τῇ
483 695 638 765 συνωμοσίᾳ
658 692 883 766 διαβαλλομένων

115 783 239 842 ἐξέτασιν.
263 777 310 833 καί
326 781 432 852 μακρόν
448 777 586 842 διεξελθὼν
605 779 699 848 λόγον,
725 775 881 845 ἐδίδασκεν,

115 859 158 919 ὅτι
170 863 342 936 μετριώτερος
350 865 399 934 μὲν
413 863 525 932 όδῆμος,
534 857 597 917 ούδέ
607 863 786 936 χρηστότερος
792 861 880 931 ἔσται,

115 946 357 1014 διπλασιασθείσης
376 942 449 1020 αύτῷ
470 949 515 1015 τῆς
532 943 631 1018 άρχής,
659 942 840 1020 άνοητότερος
852 948 884 1005 δέ

115 1030 160 1086 καλ
172 1029 327 1104 βαρύτερος.
350 1025 383 1086 ού
396 1034 449 1106 γάρ
469 1029 513 1084 ἐπί
533 1033 623 1104 ῥητοῖς
642 1050 696 1085 τισι
716 1033 882 1104 παραλήψτ-

114 1119 184 1170 σθαι
196 1116 243 1183 τήν
256 1112 343 1188 άρχήν
357 1118 420 1179 τούς
445 1109 558 1184 ὕστερον
585 1111 883 1188 ἀποδειχθησομένης,

104 1195 182 1270 ιὥστε
200 1202 288 1270 μένειν
305 1199 350 1255 ἐπὶ
371 1203 425 1261 τοῖς
445 1200 662 1267 καθεστηκόσιν,
690 1197 758 1254 άλλά
772 1199 821 1255 καί
832 1202 882 1256 τδν

115 1284 177 1357 περὶ
191 1286 235 1352 τῆς
248 1286 408 1357 κληρουχίας
431 1271 518 1346 αύθις
543 1283 694 1356 προθήσειν
708 1285 803 1357 λόγον,
833 1283 881 1340 καί

115 1370 162 1422 τόν
176 1366 242 1440 ύπέρ
263 1368 308 1435 τῆς
328 1366 474 1437 ἰσοτιμίας,
501 1368 546 1424 καί
560 1368 664 1429 πάντας
676 1370 732 1435 ἑξῆς
746 1369 877 1436 ζητήσειν,

115 1448 130 1506 ὅ
145 1473 170 1506 τι
183 1452 308 1525 λέγοντες,
324 1449 340 1516 ή
353 1454 520 1525 πράττοντες,
540 1453 570 1505 τό
584 1453 632 1521 μέν
647 1454 696 1504 τού
710 1450 800 1519 δήμου
813 1454 877 1524 κρά-

72 1522 76 1535 ’
115 1556 158 1598 τος
171 1531 326 1603 αὐξήσουσι,
343 1538 388 1598 τάς
403 1535 430 1589 δέ
445 1539 490 1604 τῆς
502 1537 601 1604 βουλῆς
614 1537 691 1604 τιμάς
706 1536 880 1591 καταλύσοω

114 1639 150 1673 σι.
165 1620 210 1674 καί
224 1619 331 1693 σφόδρα
345 1621 447 1686 ἐκίνησε
462 1619 525 1680 τούς
539 1618 652 1680 πολλούς
667 1617 682 1671 ὁ
696 1620 781 1689 λόγος.
803 1619 877 1674 ἔπει-

115 1722 148 1755 τα
172 1702 319 1773 μετήγαγεν
345 1695 631 1764 αύτούςὸΚοίντιος,
661 1699 852 1766 διδάσκων,”
836 1725 879 1759 οτι

115 1804 181 1858 προς
195 1804 240 1851 της
252 1785 377 1882 βουλης
378 1803 421 1838 στι
434 1805 464 1838 το
479 1785 595 1845 πολλους
621 1777 689 1837 εἶναι
716 1787 764 1836 τού
788 1787 880 1856 δήμου

115 1870 274 1938 προστάτας.
298 1853 376 1935 ήττον
388 1868 441 1940 γάρ
454 1865 615 1938 ὁμονοήσειν
629 1866 690 1926 τούς
703 1866 862 1930 πλείους
828 1891 881 1924 των

115 1954 274 2008 ἐλαττόνων·
301 1953 367 2023 μίαν
381 1950 409 2005 δέ
422 1945 597 2021 βοήθειαν
571 1971 639 2004 ειναι
650 1952 705 2011 τοῖς
719 1953 828 2020 κοινοῖς,
845 1975 880 2018 ην

111 2033 223 2092 Ἄππιον
239 2036 425 2100 Κλαύδιον,“
398 2055 445 2090 τον
460 2034 547 2090 Γαίου
558 2038 666 2104 πατέρα,
680 2035 786 2106 πρῶτον
800 2031 877 2106 ἰδεῖν,

116 2124 163 2177 έάν
178 2122 305 2194 στασιάζη
320 2121 350 2176 τό
365 2116 456 2194 ἄρχον,
470 2118 515 2175 καὶ
527 2121 564 2191 μή
577 2115 665 2174 άπασι
679 2120 709 2173 τό
721 2115 787 2173 αύτό
799 2118 875 2192 δοκῇ.

115 2205 202 2261 ἐδόκει
215 2227 242 2260 τε
262 2204 295 2272 δή
322 2207 421 2269 ταύτα,
449 2204 494 2260 καί
520 2205 621 2274 γίνεται
643 2203 732 2277 δόγμα
758 2205 875 2273 βουλῆς·

117 2293 230 2357 ,ἐξεῖναι
258 2289 293 2360 τῷ
307 2287 465 2360 δήμῳῑδέκα
492 2288 642 2360 δημάρχους
669 2281 735 2343 καθ’
763 2285 875 2342 ἕκαστον

117 2375 258 2443 ,ἐνιαυτόν
274 2369 479 2437 άπσδεικνύναι,
496 2374 547 2426 τῶν
561 2372 588 2426 δέ
603 2367 654 2425 τότ’
670 2371 753 2426 ὄντων
766 2375 793 2426 ἐν
807 2370 877 2445 άρχῇ

119 2460 280 2526 ,,μηθένα.“
315 2458 395 2511 τοῦτο
419 2456 449 2508 τό
478 2454 670 2527 προβούλευμα
697 2454 724 2509 οἱ
745 2454 805 2528 περλ
829 2456 873 2509 τόν

118 2535 275 2613 θύεργίνιον
288 2541 413 2615 λαβόντες
426 2539 577 2610 ἐξήνεγκαν,
594 2538 639 2592 καί
653 2539 816 2611 κυρώσαντες
828 2538 875 2593 τότ

101 2622 147 2685 ἐπ’
157 2624 239 2689 αύτά
248 2632 399 2710 γραφέντα
413 2627 517 2703 νόμον,
532 2623 597 2683 δέκα
614 2622 771 2693 δυνάσταις
781 2619 819 2678 ἒεκ
839 2621 885 2670 ὼ
