1928 2954
129 178 179 232 136
232 168 391 222 DIONYSII
409 168 760 221 HALICARNASSENSIS

126 276 196 350 ,μέν
210 281 367 351 σωφρονεῖν.
391 274 459 331 άλλά
475 277 521 340 τάς
533 277 582 348 μέν
606 275 708 332 τούτων
731 276 903 347 φιλονεικίας

128 364 243 434 ,ἐάσατε
257 365 372 433 χαίρειν·
394 357 412 416 ά
433 361 461 415 δέ
476 361 661 432 ψηφισάμενοι
674 358 709 432 τῇ
720 361 798 414 πόλει
813 362 902 431 amr}-

130 468 202 517 ,,ρια,
217 447 264 500 καὶ
278 444 343 516 ύμῖν
356 442 449 508 αύτοίς
458 444 628 519 προσήκοντα
642 441 738 499 ἔσεσθε
745 444 901 516 βεβουλευ-

128 534 237 602 ,,μένοι,
265 530 312 583 καί
326 533 381 592 τοῖς
395 532 504 601 ἐχθροῖς
515 529 630 602 φοβερά,
656 527 707 599 ἐγὼ
730 529 901 602 πειράσομαι

128 618 242 687 ,λέγειν
269 617 317 668 νύν
330 615 377 685 μὲν
399 615 445 667 τὸν
458 614 525 686 πρὸς
537 608 671 676 Αἰκανούς
684 609 731 665 καὶ
758 612 901 680 Σαβίνους

129 699 264 770 ,,πδλεμον
280 698 470 770 ἐπεκυρώσατε,
486 695 531 751 καί
546 697 593 758 τάς
607 695 731 767 δυνάμεις
742 698 813 767 μετά
828 699 902 752 πλεί-

132 803 218 854 ,,στης
237 782 396 853 προθυμίας
419 780 466 835 καὶ
490 779 610 849 σπουδῆς
635 781 825 855 καταγράφετε
854 784 902 845 τάς

129 860 190 929 ,ἐπ’
213 863 385 936 άμφοτέρους
411 866 619 936 ἐξελευσομένας.
646 858 712 918 ὅταν
739 861 769 918 δέ
786 866 820 918 τά
851 867 900 920 τοῖν

131 952 271 1019 ,,πολίμοο
285 950 358 1012 τέλος
371 945 434 1020 ἡμῖν
448 950 479 1003 τέ
499 949 642 1022 κράτιστον
655 949 739 1021 λάβῃ,
768 948 815 1003 καί
828 945 901 1006 ἅνα-

131 1030 346 1105 ,,στρίψωσινείς
361 1034 409 1101 τὴν
422 1034 501 1088 πόλιν
515 1030 545 1086 αἱ
559 1031 692 1107 δυνάμεις,
707 1028 810 1105 εἰρήνης
824 1054 902 1106 γενσ·

128 1118 240 1188 ,,με’νης,
263 1118 323 1172 τότε
336 1116 383 1171 καὶ
396 1117 459 1191 περὶ
485 1117 535 1173 τού
558 1117 663 1188 κόσμου
688 1117 735 1184 τῆς
761 1118 900 1181 πολιτείας

130 1203 282 1282 ,σκοποῖτο
298 1200 343 1256 καὶ
357 1204 437 1275 λόγον
449 1196 587 1258 ἀπαιτεῖτε
600 1202 663 1265 τούς
673 1199 736 1256 δέκα
750 1201 813 1276 περὶ
826 1204 899 1259 πάν-

130 1306 213 1355 ,,των,
239 1283 275 1339 ὡν
300 1284 343 1340 ἐπί
365 1289 409 1354 τῆς
424 1282 506 1359 άρχῆς
519 1285 644 1358 ἔπραξαν,
670 1283 715 1340 καὶ
729 1286 789 1349 νέας
816 1283 900 1361 ἀρχάς

131 1373 355 1441 ,,ψηφηφορεῖτε,
374 1368 421 1424 καὶ
434 1369 593 1444 δικαστήρια
614 1369 744 1434 καθίζετε,
759 1369 806 1425 καί
821 1371 900 1441 τιμά-

132 1474 178 1516 ,,τε
204 1452 250 1507 καί
276 1455 398 1518 κολάζετε
423 1454 487 1516 τούς
512 1456 643 1526 ἑκατέρων
668 1451 771 1508 τούτων
798 1451 897 1521 άξίους,

132 1533 218 1607 ,μίτον
232 1533 274 1606 ἐφ’
294 1536 357 1607 ύμῖν
370 1541 481 1611 γένηται
500 1539 586 1592 ταῦτα
602 1535 757 1608 άμφάτερον
784 1541 897 1607 μαθόν-

132 1642 201 1685 ,,τες,
230 1616 273 1675 ὅτι
284 1618 316 1676 ού
330 1625 386 1687 τοῖς
399 1624 554 1697 πράγμασιν
568 1620 595 1676 οἳ
609 1622 699 1694 καιροὶ
714 1621 899 1695 δουλεύουσιν,

135 1703 223 1776 ,μίλλοί
237 1708 292 1766 τοῖς
306 1710 410 1780 καιροῖς
425 1709 456 1760 ια’
475 1708 653 1779 πράγματα.“
691 1706 799 1773 Ταύτην
826 1705 898 1762 ano-

133 1788 287 1858 δειξαμένου
304 1793 457 1862 Κορνηλίου
472 1793 518 1858 τήν
535 1790 659 1863 γνώμην,
688 1788 713 1842 οἱ
726 1785 783 1860 μετ’
797 1793 899 1845 ἐκεῖνον

133 1870 320 1944 άνιστάμενοι,
345 1873 427 1947 χωρίς
453 1871 565 1947 ὀλίγων,
594 1878 640 1943 τῆς
666 1868 749 1941 αύτῆς
774 1877 898 1945 ἐγένοντο

133 1959 324 2029 προαιρέσεως·
339 1957 427 2029 οἱμὲν
442 1955 577 2029 άναγκαῖα
591 1957 637 2012 καί
652 1958 687 2029 τῷ
701 1959 820 2030 παρόντι
835 1980 899 2013 και-

134 2042 170 2117 ρῷ
185 2042 355 2114 προσήκοντα
372 2041 605 2113 ὑπολαμβάνοντες
626 2036 706 2096 εἶναι·
729 2041 755 2094 οἱ
774 2038 802 2095 δ’
827 2041 899 2097 ύπσ-

135 2128 358 2198 κατακλινόμενοι
385 2126 430 2181 καί
456 2126 651 2196 θεραπεύοντες
675 2127 738 2187 τούς
764 2126 836 2191 δέκα,
868 2128 900 2197 τῷ

134 2212 211 2282 φόβῳ
231 2213 276 2276 τῆς
302 2208 392 2282 άρχῇς.
422 2199 453 2276 ἦν
478 2213 531 2282 γάρ
551 2232 575 2264 τι
590 2210 634 2265 καί
661 2213 825 2279 κατεπτηγὸς
852 2214 899 2276 τὴν

134 2294 257 2354 ἐξουσίαν
271 2290 319 2348 ούκ
335 2296 472 2362 ἐλάχιστον
489 2297 568 2367 μέρος
582 2299 633 2350 τῶν
647 2294 791 2367 συνέδρων.

197 2377 276 2433 XIX.
298 2376 343 2442 Ὡς
366 2375 395 2431 δ’
416 2377 446 2432 αἱ
466 2379 569 2440 πλείους
586 2383 692 2451 γνῶμαι
713 2378 897 2452 διηγορεύθη-

134 2482 191 2522 σαν,
206 2461 251 2514 καί
268 2464 342 2534 παρά
357 2463 426 2517 πολύ
441 2467 546 2534 κρατεῖν
556 2463 668 2518 ἐδόκουν
683 2460 709 2516 οἱ
722 2466 770 2518 τὸν
783 2465 899 2534 πόλεμον

129 2547 320 2621 έπικυρούντες
336 2548 387 2603 τῶν
401 2548 511 2621 ἑτέρων,
536 2550 596 2602 εέιε
611 2546 730 2602 Λούκιον
748 2543 898 2619 Οὐαλέριον
