1928 2954
135 188 409 254 ANTIQVlTAml
439 184 572 235 ROMAN.
600 186 665 236 LIB.
687 187 718 236 X.
786 189 820 243 70

55 317 116 368 γιον
130 296 285 366 προθέντες,
313 293 425 345 ἐκάλουν
439 291 502 351 τούς
515 287 659 355 noum*
641 312 763 354 απαντας
777 291 819 347 ἐπί

54 384 87 434 τά
103 379 182 432 ὅπλα.
197 379 299 450 ἐγένετο
312 376 361 448 μὲν
375 363 425 431 ούν
438 397 477 438 τις
493 395 539 429 και
530 374 611 430 τότε
624 377 724 439 στάσις,
740 379 818 432 ἐναν-

54 465 201 534 ποιμένων
216 461 249 535 τῇ
262 461 427 534 καταγραφῇ
440 462 491 514 τῶν
506 458 655 534 δημάρχων,
671 459 717 514 καὶ
732 464 779 524 τάς
792 465 818 516 ἐκ

55 551 106 602 τῶν
120 549 208 619 νόμων
235 545 363 618 τιμωρίας
382 539 416 599 ού
443 544 651 617 συγχωρούντων
677 548 819 600 ποιεῖσθαι

54 633 123 686 κατά
137 634 189 685 τῶν
200 628 398 685 ἀπειθούντων.
415 627 510 703 ἔπραξε
522 624 548 682 δ’
563 623 656 685 ούθέν.
671 631 818 685 συνελθού-

55 737 90 772 σα
105 717 158 789 γάρ
174 711 190 782 ἡ
204 717 291 788 βουλὴ
318 713 425 787 γνώμην
452 710 624 785 άπιδείξατο,
650 713 712 777 τούς
726 734 821 788 πατρι-

55 802 129 862 κίους
142 798 185 854 ἐπὶ
204 802 249 854 τδν
271 800 387 869 πόλεμον
405 800 499 860 ἐξιέναι
518 798 568 853 σύν
592 800 647 863 τούς
660 799 762 853 ἑαυτῶν
776 819 820 854 πε·

55 887 157 948 λάιαις,
172 886 224 939 τῶν
240 880 267 938 δ’
284 878 369 938 ἄλλων
383 883 498 938 πολιτῶν
518 886 575 946 τοῖς
587 883 636 954 μὲν
646 883 818 953 βουλομένοις

55 971 172 1040 μετέχειν
196 971 242 1037 τῆς
254 969 393 1041 στρατείας
406 964 450 1022 ἐπὶ
478 968 596 1041 σωτηρίᾳ
624 969 667 1035 τῆς
693 967 818 1040 πατρίδοι

56 1053 208 1127 γενομένης,
224 1047 287 1109 δσια
304 1047 372 1107 εἶναι
384 1053 417 1106 τά
430 1054 497 1127 πρὸς
506 1052 598 1122 θεούς,
620 1054 677 1114 τοῖς
696 1047 723 1104 δ’
742 1055 806 1121 ε’γκοι

56 1137 286 1200 ταλοίπουσιτούς
301 1136 421 1193 ὑπάτους
442 1134 581 1191 τάναντία.
600 1133 633 1199 ὦς
655 1129 681 1189 δ’
703 1133 819 1205 άνεγνώ-

57 1226 116 1291 σθη
128 1223 161 1276 τύ
176 1222 264 1296 δόγμα
282 1224 327 1288 τῆς
344 1222 445 1292 βουλῆς
455 1223 483 1274 ἐν
497 1220 641 1290 ἐκκλησίᾳ,
667 1219 763 1274 πολλοὶ
777 1220 821 1273 καὶ

57 1310 107 1362 τού
123 1306 211 1404 δήμου
230 1307 278 1359 τὸν
304 1303 396 1376 άγῶνα
422 1305 524 1367 ἑκόντες
551 1301 709 1373 ὑπέμειναν·
734 1301 822 1374 οἱμὲν

57 1391 252 1445 ἐπιεικέστατοι
277 1383 311 1442 δι
327 1385 465 1456 αἰσχύνην,
481 1407 504 1440 ει
496 1384 625 1458 ’μηδέν’
613 1388 820 1490 επικουρήσομσι

57 1478 134 1530 πόλει
149 1475 279 1546 συμμάχῳ
301 1472 388 1528 διά
359 1492 407 1540 την
420 1475 487 1544 πρὸς
501 1467 601 1531 αύτούς
614 1467 727 1525 εύνοιαν
741 1469 783 1525 άεί
796 1493 819 1525 τι

57 1560 125 1630 πρὸς
139 1560 190 1612 τῶν
203 1560 310 1631 ἐχθρῶν
322 1555 533 1630 mamam*
524 1576 551 1611 εν
565 1547 604 1618 οἷς
618 1577 652 1620 ην
666 1555 712 1610 καὶ
723 1555 738 1611 6
750 1557 819 1610 Σίκ-

18 1641 25 1653 “
57 1664 114 1707 κιος
127 1646 239 1707 ἐκεῖνος,
262 1641 277 1697 6
297 1642 481 1714 κατηγορήσας
500 1644 528 1695 ἐν
548 1660 583 1713 τρι
573 1639 718 1713 δημρν
684 1660 735 1695 των
750 1661 819 1709 σφε-

57 1728 235 1799 τερισαμένων
247 1726 294 1793 τὴν
309 1725 442 1797 δημοσίαν
455 1728 514 1797 γῆν,
531 1728 644 1800 σπεῖραν
657 1727 820 1798 ἐπαγόμενος

57 1810 224 1867 ὀκτακοσίων
251 1808 369 1883 άνδρῶν,
396 1807 424 1864 οἳ
447 1808 644 1883 στρατεύεσθαι
670 1805 839 1879 μίνούκέτι,

58 1892 142 1998 ιύρικν
144 1891 223 2000 εἶχον,
240 1891 328 1970 ὥσπερ
343 1888 407 1949 οὐδ’
422 1898 535 1959 ἐκεῖνος,
563 1889 624 1948 οὐδ’
640 1891 751 1949 ἔπιπτον
766 1891 819 1947 ὑπὸ

58 1984 105 2045 τάς
125 1979 245 2053 άνάχκας
269 1981 320 2034 τῶν
346 1981 448 2049 νόμων·
472 1997 599 2051 τιμωντις
613 1977 640 2031 δε
660 1980 705 2032 τὸν
732 1972 819 2081 άνδρα

60 2065 104 2120 διά
119 2066 217 2127 πολλάς
230 2084 274 2117 και
266 2059 447 2136 μεγάλας’
419 2063 576 2136 τυεργεσίας,
590 2063 702 2124 ἐξιόντος
716 2060 760 2115 ἐπὶ
773 2063 820 2115 τδι

58 2153 178 2221 πόλεμον
192 2143 268 2202 ούκί
256 2147 416 2202 ἐδικαίωσαν
430 2144 638 2200 άπολείπισθαι.
653 2143 698 2199 καί
712 2165 745 2210 ην
759 2145 820 2198 τοῖ1

57 2255 88 2287 το
104 2238 133 2289 τὸ
148 2236 226 2308 μέρος
241 2234 287 2338 τῗχς
300 2230 460 2297 ἐξελθούσης
473 2231 533 2284 τότε
547 2228 708 2299 δυνάμεως’
695 2229 818 2302 εμποιρία

56 2314 211 2390 τ’άγώνων,
227 2317 272 2372 καὶ
285 2315 319 2389 τῆ
336 2316 411 2416 παρά
425 2316 459 2368 τά
475 2313 547 2367 δεινά
568 2307 709 2386 εύτολμίρι,
727 2312 818 2384 μακρῷ

57 2406 106 2457 τού
120 2397 236 2458 άλλου”
218 2422 335 2473 οιμεινον.
355 2420 382 2454 οι
372 2397 424 2453 δὲ
439 2397 534 2452 πολλοὶ
550 2397 640 2469 χάριτι
660 2394 704 2452 καί
725 2416 818 2498 παρα·

60 2488 196 2554 κλησει
162 2507 213 2542 των
208 2485 418 2586 πρεσβυτάτων
438 2480 635 2551 ύπαχθίντες“
614 2480 731 2536 είπονιο.
745 2500 778 2545 ην
793 2480 819 2535 δε

58 2591 84 2624 τι
94 2575 189 2642 μέρος,
206 2591 221 2623 ο
235 2591 287 2624 των
300 2564 466 2641 ύφελειῶν“
453 2589 531 2626 ινεκυ
550 2568 604 2623 τῶν
621 2569 649 2623 ἐν
670 2583 736 2627 τοις
748 2579 840 2631 στου-

47 2653 291 2726 τνίνιινμινομινων
304 2657 400 2715 πάντα
414 2652 577 2717 κίνδυνον“
565 2672 686 2728 ετοιμον
693 2637 735 2705 διν
749 2636 865 2704 ἶιυῦθῖ
