1928 2954
152 158 201 216 134
269 154 431 205 DIONYSII
447 149 793 203 HALICARNASSENSIS

150 261 290 325 πολλάκις,
307 259 353 315 καί
366 261 526 325 κακιζόντων
547 259 593 326 τήν
606 254 770 333 ἀνανδρίαν,
799 253 921 327 ἠνείχετο

148 347 234 418 μένων
248 340 289 416 ἐφ’
304 339 422 413 ἡσυχίας.
451 341 507 398 ἐπεὶ
521 338 549 396 δ’
563 341 629 417 ἐγνω
643 345 690 409 την
704 340 854 413 κρατίστην
869 345 919 395 τῶν

149 429 283 500 πολεμίων
305 427 420 500 δύναμιν
446 425 489 481 ἐντί
516 427 654 499 προνομήν
677 428 723 494 τῆς
746 421 879 497 Ἑρνίκων
894 446 919 481 τε

149 512 196 569 καὶ
214 513 341 568 Λατίνων
361 514 410 584 γῆς
440 512 648 580 ἐξεληλυθυῖαν,
675 514 702 564 ἐν
723 508 751 562 δέ
771 508 806 581 τῷ
819 511 919 583 χάρακι

149 598 274 667 φυλακάν
293 590 357 651 οὕτε
384 597 485 663 πολλὴν
512 597 680 663 λειπομένην,
707 587 765 648 οὔτ’
794 591 918 667 άγαθὴν,

152 683 247 737 τοῦτον
261 674 330 734 εἶναι
350 679 462 750 νομίσας
480 681 528 734 τόν
541 680 636 754 καιρόν
649 677 816 746 ἐπιτήδειον,
846 682 919 751 ἐξῆγε

150 765 349 834 κεκοσμημένην
364 765 412 831 τήν
426 764 573 834 στρατιάν,
587 762 632 817 καί
646 763 821 835 παρέστησεν,
836 761 872 829 ὦς
884 762 919 825 εἷς

149 851 249 919 μάχην·
273 841 384 909 οὐδενός
409 842 431 901 τ’
459 844 634 912 άντεξιόντος,
660 848 763 916 ἐκείνην
793 848 844 917 μὲν
871 850 918 916 τήν

150 929 251 1006 ἡμέραν
265 934 358 998 ἐπεῖχε,
373 931 404 1003 τῇ
420 928 449 985 δ’
468 933 523 998 έξῆς
538 931 583 987 ἐπὶ
598 933 646 999 τήν
659 929 815 997 άποσκενιίν
829 929 918 987 αὐτῶν

149 1004 221 1088 ἦγεν,
246 1010 279 1069 οὗ
294 1013 401 1086 σφόδρα
427 1011 527 1086 ὀχυράν
555 1003 651 1071 οὖσαν.
673 1015 813 1086 μαθόντες
828 1014 857 1070 δέ
870 1037 917 1071 πο·

150 1100 344 1172 λιορκοόμενον
372 1099 418 1152 τόν
442 1101 550 1171 χάρακα
564 1098 591 1155 οἱ
618 1101 861 1173 προεξεληλυθότες
873 1101 917 1156 ἐπί

151 1186 198 1246 τάς
211 1184 349 1255 προνομάς
365 1183 414 1235 τοῦ
427 1177 528 1251 άστιος,
543 1171 616 1249 ἧκον,
634 1185 701 1251 πλὴν
715 1178 766 1251 οάχ
780 1179 855 1256 ἅμα,
871 1183 915 1239 καί

150 1272 178 1324 ἐν
192 1271 291 1341 κόσμῳ,
306 1266 440 1337 σποράδες
451 1266 479 1321 δέ
492 1265 537 1321 καί
552 1263 609 1321 κατ’
625 1263 742 1338 ὀλίγους,
758 1264 792 1330 ὧς
806 1264 914 1322 ἕκαστον

151 1347 235 1424 εἶχον,
264 1352 481 1420 ἐπιφαινόμενοι·
506 1349 535 1404 οἳ
551 1346 574 1403 τ’
588 1355 616 1406 ἐκ
631 1353 679 1404 τοῦ
703 1351 832 1423 χάρακος,
859 1351 914 1407 ἐπεὶ

150 1437 212 1499 τούς
223 1437 368 1508 σφετέρους
382 1435 542 1506 προσιόντας
557 1435 718 1500 ἐθεάσαντο,
745 1435 913 1509 θρασύτεροι

149 1521 294 1594 γεγονότες,
310 1520 423 1585 ἐξῆλθον
437 1515 548 1591 άθρόοι.
563 1517 607 1572 καὶ
620 1519 722 1592 γίνεται
736 1520 820 1589 μέγας
835 1517 911 1591 άγάιν,

149 1604 195 1659 καὶ
207 1606 292 1674 φόνος
306 1606 332 1665 ἐξ
346 1599 505 1675 άμφοτέρων
520 1600 615 1664 πολάς·
637 1606 664 1656 ἐν
685 1590 703 1673 ᾧ
720 1604 875 1669 νικήσαντες
890 1601 913 1656 οἱ

147 1685 283 1758 Ῥωμαῖοι,
301 1685 362 1747 νοός
374 1706 400 1740 τε
414 1684 551 1752 συστάδην
564 1690 731 1759 μαχομένους
756 1689 910 1760 ἐτρέφοντο,

150 1771 195 1826 καὶ
209 1772 271 1834 τοὺς
284 1770 434 1838 φεύγοι-τας
447 1768 637 1835 ἐπιδιώκοντες,
666 1766 712 1832 οὓς
725 1772 774 1840 μὲν
789 1769 911 1826 άπέκτει-

149 1874 208 1920 ναν,
225 1850 270 1916 οὓς
286 1849 313 1906 δ’
328 1850 511 1923 αἲχμαλάιτουο
526 1852 632 1923 ἔλαβον.
662 1850 809 1929 Οὐαλέριος
820 1858 868 1928 μέν
884 1855 912 1923 δη

149 1940 234 1993 ταῦτα
250 1938 469 2008 διαπραξάμενος,
486 1935 567 2000 άδεῶς
583 1933 633 2006 ἤδη
648 1939 694 2005 τήν
707 1942 758 2012 γῆν
773 1942 825 1994 τῶν
839 1942 913 1995 πολε·

149 2024 215 2092 μίων
228 2022 307 2075 ἐπιὼν
319 2017 408 2094 ἐδῄου.

214 2103 349 2162 XLVIII,
373 2107 488 2179 Μάρκος
515 2105 543 2159 δὲ
564 2103 688 2178 Ὁράτιος
714 2108 757 2162 ἐπί
785 2096 832 2161 τδν
847 2111 913 2161 κατά

150 2191 277 2261 Σαβίνων
290 2192 415 2259 πόλεμον,
436 2189 526 2259 ἐπειδὴ
542 2191 575 2244 τά
589 2191 658 2245 κατά
674 2192 718 2244 τόν
746 2194 914 2263 συνάρχοντα

149 2273 222 2342 ἔγνω,
251 2273 414 2347 προαγαγὼν
441 2271 487 2326 καὶ
513 2269 594 2337 αὖτίς
608 2279 635 2328 ἐκ
663 2277 711 2328 τοῦ
736 2276 856 2348 χάρακος
871 2280 914 2338 τάς

149 2358 289 2429 δυνάμεις,
305 2356 437 2430 άντεπῆγε
453 2358 566 2413 θάττον.
582 2359 630 2430 ὅλη
646 2358 756 2428 δυνάμει
784 2362 851 2433 πρὸς
865 2356 914 2413 οὐκ

147 2445 273 2506 ἐλσττονς
287 2439 410 2514 άριθμόν
431 2442 493 2505 τοὺς
515 2443 664 2513 Σαβίνους,
690 2442 736 2496 καί
750 2443 784 2495 τά
799 2447 913 2513 πολέμια

146 2528 374 2604 ἐμπειροτάτους·
396 2526 555 2589 ἐνεδείξαντο
581 2527 636 2599 γάρ
659 2510 786 2600 φρόνημά
815 2549 842 2580 τε
869 2528 912 2585 καί

142 2615 249 2692 τόλμαν
272 2618 300 2675 ἐκ
328 2614 382 2672 τῶν
409 2613 546 2691 προτέρων
573 2612 785 2681 κατορθωμάτων
813 2613 910 2676 πολλυξε
