1928 2954
146 204 197 263 204
265 200 425 251 DIONYSII
444 197 787 250 HALICARNASSENSIS

146 308 293 378 φθονοῦσα
306 305 355 378 μέν
369 307 424 366 τοῖς
436 303 483 358 ἐπὶ
494 303 677 378 στρατοπέδου
690 307 842 404 γενομένοις
856 305 907 360 τῶν

146 392 250 445 πολλῶν
263 383 402 461 ῶφελειῶν,
419 387 615 461 διημαρτηκυῖα
629 375 711 459 δι’,
693 409 727 442 οιν
740 383 864 456 ἤλπισεν,
885 385 909 442 εί

147 473 329 548 καθαιρεθείη
361 473 392 526 τό
416 466 551 543 Ῥωμαίων
581 473 709 568 φρόνημα
735 474 779 540 τῆς
810 473 908 535 πόλεως

148 555 276 626 ἁλούσης,
273 554 448 656 ἐτραχύνετο
463 555 528 627 πρός
541 556 588 609 τόν
601 549 733 627 ηγεμόνα,
756 553 803 609 καὶ
822 557 906 629 τιικριί

148 626 284 743 σιρόδρα
270 659 316 705 ην·
331 661 376 693 και
368 638 545 709 τελευτῶσα,
559 637 649 703 ἐπειδη
665 640 714 692 τοῦ
726 637 829 710 μύσους
841 632 905 711 ἦγε-

147 727 230 794 μόνιις
246 722 321 793 ἔλαβε
336 722 398 784 τοδς
412 723 535 775 ιιλείστον
548 725 576 776 ἐν
589 742 622 793 τρ
612 719 708 774 ἔθνει
730 721 907 791 δυναμενοος,

148 806 329 878 ἔξηγριῶθητε
343 827 386 859 και
400 802 480 908 ἔργρν
494 802 603 877 ἔδρασεν
609 775 767 860 ἀνόσιον.
751 826 785 873 ην
801 802 907 859 omm-

148 894 191 951 λος
199 884 323 950 Ἄττιος
308 909 323 942 ο
337 889 383 950 τοὶς
394 883 473 989 όργοίς
486 883 574 941 αιίτῶν
587 887 783 960 παραθήξας,”
768 907 832 956 εχων
847 888 908 990 τρερί

148 971 233 1025 αὑτὸν
246 972 365 1042 ἑταιρίαν
378 969 431 1034 ἐξ
416 971 522 1038 αιιιίσης
535 966 679 1033 πόλεως’
647 991 696 1026 ουκ
710 969 810 1045 ὀλίγην.
823 970 908 1069 τούτιρ

150 1051 211 1108 δΗ
198 1049 261 1129 α’ρα
272 1053 394 1110 ἐδέδοκτο
416 1053 618 1126 παλαίτερον”
603 1075 654 1120 ετι,
683 1056 729 1109 τόν
745 1056 855 1126 φθόνον
874 1049 907 1108 οὗ

149 1137 285 1243 δυναμένρ
311 1139 441 1207 κατέχειν,
467 1133 491 1191 εί
515 1136 563 1204 μὲν
586 1157 615 1191 ευ
629 1138 905 1211 πραξαςοΜαρκιος,

148 1222 193 1276 καί
207 1222 254 1288 τήν
273 1216 410 1292 Ρωμαίων
424 1223 502 1276 πόλιν
516 1220 688 1294 διαφθείρας,
702 1221 748 1276 καὶ
761 1224 816 1283 τοῖς
832 1216 904 1275 Ouo

148 1303 297 1366 λοδοκοις’
286 1307 416 1367 υτιοτοίξας
430 1304 520 1370 ἔλθοι,
542 1304 632 1380 κρίνφα
647 1304 692 1359 καὶ
706 1305 757 1359 σδν
771 1300 888 1376 δόλῳ’
852 1325 905 1359 αυ-

148 1391 195 1442 τόν
215 1387 330 1442 οίνελεῖν·
355 1385 377 1442 εἶ
398 1388 426 1442 δὲ
446 1388 597 1460 διαμαρτὼν
620 1391 665 1456 τῆς
684 1387 788 1461 πείρας,
816 1384 906 1456 ολτελὴς

150 1473 197 1524 τοῖν
211 1471 290 1544 ἔργου
305 1469 508 1545 ἀναστρέψειεν,
524 1469 557 1534 ῶς
570 1470 718 1544 προδότην,
745 1471 906 1547 παραδόντα

149 1555 180 1627 τῇ
195 1553 253 1627 περί
267 1553 349 1610 αῶιόν
362 1554 478 1629 ἑταιρίᾳ,
491 1552 661 1609 ῶτιοκτεῖναι·
687 1549 753 1629 διτερ
765 1555 849 1610 ἔτιοίει
861 1556 904 1609 τό·

149 1658 182 1690 τε.
198 1637 244 1690 καί
258 1637 417 1709 συναγαγὼν
428 1641 504 1712 χεῖρα
523 1633 572 1692 οδκ
586 1634 687 1709 ὀλίγην,
702 1641 842 1710 κατηγόρει
857 1639 906 1693 τοῦ

150 1718 255 1794 σίνδρός,
269 1725 471 1794 τεκμαιρόμενος
484 1719 597 1789 σίληθὲσι
612 1720 705 1793 ψευδῆ,
721 1722 767 1775 καί
781 1717 813 1775 οδ
825 1742 905 1794 γενη-

150 1804 248 1872 σόμενα
262 1799 368 1867 εἰκάζων
391 1807 592 1876 γενησομένοις·
610 1798 750 1859 ἑκὲλευέτ’
769 1801 906 1907 οίιιοθέμε-

150 1906 196 1938 νον
211 1882 335 1939 αὐτόν’
307 1907 353 1952 την
367 1883 459 1958 οίρχὴι,
466 1886 573 1960 λόγονε
562 1889 664 1955 υτιὲχειν
679 1890 724 1956 τῆς
737 1888 905 1961 στρατηγίας.

149 1990 183 2033 ην
197 1967 268 2022 δε
238 1989 283 2036 της
303 1967 487 2038 υπομενοίισης
513 1990 637 2043 στρατιας
663 1974 690 2025 ἐν
715 1990 774 2034 ταις
798 1972 907 2025 πόλεσιν

149 2047 267 2125 ηγεμῶν,
287 2050 320 2115 ῶς
338 2074 384 2107 και
375 2051 533 2126 πρότερον
546 2051 648 2158 είρητριί
659 2073 717 2123 μοι,
731 2052 830 2127 κίνριος,
859 2053 906 2107 τοῦ

149 2156 175 2189 τε
189 2136 350 2208 συναγαγεῖν
362 2137 511 2205 ἐκκλησίαν,
525 2136 570 2191 καί
583 2155 631 2190 του
615 2131 768 2202 ὀἱιιαλείν,
753 2157 784 2191 ον
797 2135 906 2209 βοόλοι·

149 2239 188 2289 το,
202 2217 246 2272 ἐντί
260 2217 343 2287 δίκην.
535 2262 538 2268 .

217 2298 318 2356 LVIII.
340 2297 370 2356 ‘0
384 2301 411 2355 δὲ
425 2303 550 2376 Μιίρκιος
562 2298 708 2374 σίντιλίγειν
719 2303 768 2372 μὲν
781 2303 848 2375 πρός
861 2298 905 2358 οδ·

149 2385 252 2458 δίτερον
268 2383 366 2437 τοίντων
379 2383 515 2448 ἐδικαίου,
530 2382 591 2458 περί
605 2384 632 2439 δί
646 2388 689 2454 τῆς
704 2386 796 2448 τοίξεως
818 2381 904 2441 αὐτῶν

148 2469 292 2538 διεφέρετο,
315 2468 395 2537 λόγον
417 2464 495 2529 αξιῶν
521 2464 674 2523 ιίτισδοῖιναι
699 2470 830 2543 πρότερον
855 2489 905 2524 των

62 2589 65 2593 .
132 2547 424 2642 πεπραγμενωναδτιρ
436 2551 504 2608 κατιί
524 2553 570 2608 τὸν
591 2552 723 2624 πόλεμον
748 2545 837 2616 ἔπειτ,
857 2553 905 2609 &iv

118 2625 211 2687 οἶτασι
226 2631 280 2690 δό
261 2659 293 2712 η
313 2633 518 2711 Οὐολοόσκοις,
546 2634 791 2708 αποθησεσθαι
764 2654 812 2697 τευ
827 2631 921 2704 ἄλλων
