1928 2954
182 169 459 238 λυπεουωετυω
478 169 615 223 mom.
638 170 704 222 m.
721 170 755 224 x.
814 178 866 234 103

96 281 174 349 θεῖο,
188 274 220 340 ῶς
234 278 322 348 νόμος,
336 277 545 349 ἐξηγησαμένων,
554 273 693 332 ἀνέδωκαν
705 279 761 340 τοῖς
775 279 864 347 λόχοις

97 364 144 426 τώς
159 361 275 432 ψήφους.
301 360 514 435 ἐπικυρώσαντος
533 359 562 415 όέ
577 357 623 415 καλ
636 361 687 416 τσῶ
701 359 788 432 όὴμου
802 363 864 425 τούς

97 449 212 516 νόμους,
248 445 357 513 στήλαις
390 445 503 513 χαλκαῖς
531 441 721 520 έγχαρολξαντες
753 440 860 509 αότυύς,

93 533 187 601 ἐφεξῆς
202 529 301 585 έθεσαν
314 525 374 584 ἐν’
356 529 461 602 αγορᾷ,
474 533 522 584 τόν
534 529 747 595 ἐπιφανέστατον
759 531 861 594 ίκλεξώ·

93 634 171 686 μενοι
187 615 279 668 τόπον.
301 634 347 667 και
337 611 450 680 ἐπειδὴ
463 608 614 696 βραχὺς
578 616 672 678 αυτοῖς
693 634 726 681 ην
739 612 793 669 ολ
796 614 859 668 ιπό-

93 719 175 770 μενος
199 700 244 765 τῆς
261 695 343 770 ἀρχῆς
365 698 480 771 χρόνος
506 691 705 769 συναγαγόντες
719 698 782 761 τοὺς
795 698 863 770 βου·

96 785 197 845 λευτάς,
215 776 403 857 προέθεσαν
390 783 456 855 υπέρ
470 778 655 858 αρχαιρεσιῶν,
669 775 716 838 οἷα
727 782 778 855 χρὴ
791 784 863 854 γενέ

94 870 176 930 σθαι,
190 869 311 921 σκοπεῖν.

160 946 226 1004 LVI
230 947 263 1006 ΙΙ
290 951 402 1006 Πολλῶν
421 948 448 1004 δι’
466 949 623 1020 λεχθέντων,
636 945 781 1017 ἐνίκησεν
768 971 783 1016 η
796 949 863 1022 γνώ·

93 1057 132 1106 μη
148 1036 199 1090 τῶν
214 1034 421 1107 παραινούντων
441 1032 601 1136 όεκαρχίμν
612 1021 698 1097 αυθις
724 1031 861 1096 ώπσόεῖξαι

96 1122 147 1172 τῶν
170 1120 267 1174 κοινῶν
280 1120 387 1192 κυρίαν.
414 1115 508 1185 κτελὴς
519 1124 573 1191 γάρ
586 1141 602 1187 η
592 1113 768 1189 νομοθεσία
781 1118 863 1188 ἐφαί-

98 1225 169 1269 νετο,
199 1200 232 1264 ὡς
251 1200 285 1257 ών
298 1199 433 1273 ἐξόλίγσυ
446 1204 609 1258 συντεθεῖσα
623 1202 740 1274 χρόνου,
768 1199 863 1256 καλέει

96 1291 154 1352 τοῖς
168 1282 219 1354 ἤδη
235 1290 433 1359 κεκυρωμένας,
461 1285 507 1340 ἵνα
528 1286 632 1348 ἑκόντες
654 1305 681 1338 τε
695 1284 741 1339 καὶ
755 1279 864 1346 ώκοντες

96 1376 125 1427 ἐν
140 1366 232 1434 αυτοῖς
244 1372 358 1441 μένοιεν,
381 1369 467 1424 ἐόόκει
484 1367 517 1435 δὴ
541 1388 613 1431 τινος
629 1365 715 1474 αρχῆς
729 1363 862 1442 ουτοκρώ·

99 1453 256 1526 τορσςόεῖν.
284 1455 315 1508 τό
331 1452 360 1507 δέ
377 1455 493 1523 μάλιστα
509 1456 606 1508 πεῖσαν
629 1449 732 1515 ἀυτούς
757 1455 864 1523 προελέ-

96 1544 169 1595 σθαι
183 1539 232 1604 viv
247 1524 428 1609 όεκαρχίαν,
412 1558 446 1595 υν
459 1531 474 1603 ές
490 1538 542 1591 τῶν
555 1536 696 1610 όημώρχων
710 1538 863 1600 κατώλυσις,

99 1619 238 1685 όπυντός
254 1623 371 1692 μάλιστα
398 1620 551 1692 ίβοώλσντο.
580 1641 666 1676 ταυτα
678 1641 727 1690 μεν
740 1624 769 1674 εν
782 1641 862 1676 κοινω

97 1707 293 1775 σκοπουμένοις
306 1702 399 1769 αὐτοῖς
413 1705 513 1760 ίόόκει·
527 1702 584 1778 ἲόίρ
599 1702 667 1760 όέ
640 1726 667 1760 οι
682 1703 862 1778 πρωτεύοντες

95 1793 145 1846 τοῦ
160 1789 304 1863 συνεόρίου
321 1791 430 1862 γνώμην
455 1791 598 1846 ἐποιοῦντο
623 1789 862 1864 μεταπορεώεσθαι

97 1878 144 1944 τὴν
158 1873 251 1947 ώρχην,
263 1874 385 1941 όεόιότες,
398 1874 434 1944 μή
449 1873 611 1949 ταραχώδεις
625 1873 693 1937 τινές
705 1869 861 1947 ἅνθρωποι,
877 1932 882 1940 ,

99 1961 258 2028 τηλικαύτης
270 1959 391 2020 ἐξουσίας
403 1960 562 2029 λαβόμενοι,
579 1958 663 2012 κακόν
677 1978 702 2012 τι
713 1961 782 2029 μέγα
796 1961 864 2031 ἐξερ-

97 2045 244 2120 γοίσωνται.
272 2039 416 2111 ἀγαπητῶς
430 2042 458 2096 όέ
478 2044 527 2098 τοῦ
552 2042 640 2111 όημσυ
655 2043 688 2096 τώ
703 2040 818 2103 δόξαντα
831 2040 865 2113 τῇ

96 2127 184 2199 βουλῇ
212 2128 369 2194 δεξαμένου,
400 2124 446 2179 καλ
470 2128 538 2194 μετώ
563 2126 687 2192 πλείστης
705 2124 864 2197 προθυμίας

95 2211 326 2282 ἐπιψηφίσαντας,
347 2204 427 2264 αὐτοὶ
438 2211 487 2279 μέν
502 2209 529 2265 οἱ
543 2209 606 2305 όέκμ
620 2203 715 2283 ἄνδρες
729 2210 863 2281 προεῖπον

98 2296 144 2349 τόν
159 2297 210 2350 τῶν
224 2291 399 2369 ἀρχαιρεσιῶν
413 2295 515 2367 καιρόν,
527 2312 662 2366 μετηεσαν
674 2291 746 2348 δέ
716 2312 765 2361 την
778 2289 862 2363 σῖρχλν

94 2401 123 2434 οι
114 2378 307 2452 ίέντιμότατοί
332 2398 359 2432 τε
372 2399 417 2432 και
408 2375 661 2452 πρεσβίιτατοι”
627 2397 678 2431 των
704 2375 861 2477 πατρικίων.

94 2463 166 2518 ευθα
183 2463 215 2530 δὴ
231 2461 339 2525 πολύς”
328 2463 380 2518 υπὸ
396 2463 502 2518 πάντων
528 2459 722 2531 ἐπαινούμενος
739 2447 772 2527 ίιν
786 2457 847 2515 ό”
817 2479 863 2527 της

96 2550 155 2601 τότε
170 2541 335 2617 όεκσρχίας
323 2546 427 2619 ηγεμών
436 2540 557 2617 Ἄππιος,
570 2544 618 2602 καὶ
632 2546 686 2607 πῶς
698 2543 875 2615 fimum
