1928 2954
154 161 206 222 254
276 160 437 212 DIONYSII
456 157 799 212 HALICARNASSENSIS

155 268 202 322 τόν
215 265 345 336 ἐμφύλιον
363 265 503 336 Ῥωμαίων
520 267 637 336 πόλεμον
653 264 698 321 ἐπί
714 268 760 335 τῆς
777 267 840 339 έμῆς
852 260 911 334 ἧλι-

155 351 224 416 κίας,
241 344 271 412 δς
287 353 410 423 μέγιστος
422 348 473 403 τῶν
486 351 538 420 πρὸ
554 345 649 403 αύτού
660 351 781 420 πολέμων
798 352 911 422 ἐγένετο,

155 430 171 500 ἦ
185 434 318 502 κινήσασα
331 435 466 508 πρόφασις
478 431 522 488 sui
534 434 646 494 πολλοῖς
659 427 749 497 άλλαις
762 432 862 495 δόξασα
875 426 912 486 εί-

155 538 201 573 ναι
213 516 260 572 καί
273 515 418 589 άποχρῶσα
433 515 575 583 διαστῆσαι
590 514 638 583 τήν
650 518 740 586 πόλιν,
755 510 801 583 ἥδ’
815 501 855 584 ἦν,
870 510 927 573 ὅτι

157 602 208 655 τῶν
223 600 364 674 δημάρχων
376 598 451 671 τινές,
465 601 641 667 ἐξεληλάσθαι
654 600 700 667 τῆς
712 601 812 662 πόλεως
825 595 913 653 αἰτιίι·

155 687 232 754 μενοι
252 684 301 756 βίᾳ
315 683 381 757 πρός
395 684 443 737 τού
458 685 517 737 τότε
530 682 687 748 κατέχοντος
699 683 768 737 κατά
781 681 830 749 τὴν
840 677 913 735 Ἰτα-

157 768 216 821 λίαν
228 763 369 839 ἡγεμόνος,
382 764 427 820 ἵνα
440 764 554 836 μηδενὸς
566 760 617 821 είεν
630 764 668 820 ἔτι
681 766 783 838 κύριοι,
809 763 854 819 ent
866 766 913 818 τόν

156 852 184 903 έν
198 849 320 921 Γαλατίᾳ
333 850 367 902 τά
380 848 549 921 στρατόπεδα
561 851 715 918 κατέχοντα,
730 847 764 912 ὡς
776 842 827 904 ονίε
839 845 913 916 ἕχον·

158 951 205 1001 τες,
220 926 285 986 ὅποι
299 932 460 1003 τράπωνται,
474 934 632 1004 κατέφυγον.
653 932 669 987 ὁ
683 931 711 986 δέ
724 931 758 1004 τῇ
776 931 912 1005 προφάσει

158 1013 242 1086 ταύτῃ
251 1019 426 1087 χρησάμενος,
437 1013 471 1077 ὡς
485 1013 553 1090 άρχῇ
566 1015 653 1086 δίημου
667 1017 791 1087 παναγεῖ,
805 1015 836 1068 τό
850 1015 913 1087 κρά·

158 1117 202 1162 τος
214 1095 395 1171 άφαερεθιίση
410 1100 483 1172 παρά
497 1100 558 1161 τούς
571 1098 658 1171 ἱερούς
670 1093 768 1170 ὅρκους
777 1098 829 1152 τῶν
842 1118 933 1171 προ-ο

158 1183 252 1254 γόνων,
264 1176 346 1245 αύτδς
359 1181 437 1242 ὁσίως
449 1182 495 1237 καί
508 1184 558 1236 σύν
571 1181 631 1255 δίκη
656 1181 778 1251 βοηθῶν,
793 1175 875 1243 αύτδς
888 1201 912 1235 τι

159 1264 208 1318 σύν
223 1267 279 1326 τοῖς
291 1259 384 1327 ὅπλοις
396 1251 480 1331 ἦλθεν
499 1269 536 1326 είς
550 1265 596 1331 τὴν
609 1267 702 1330 πόλιν,
719 1261 764 1318 καί
783 1264 843 1328 τούς
862 1259 911 1320 σίν.

207 1538 208 1542 ,
275 1493 379 1543 Bellum
400 1512 459 1544 σαιπ
482 1495 583 1544 Volsczs
601 1497 799 1544 continuatum.

224 1593 417 1654 LXXXVIII.
443 1598 508 1651 Τότε
528 1591 554 1651 δ’
574 1583 623 1651 σύν
638 1595 664 1651 οἱ
684 1596 798 1666 δημόται
812 1599 856 1664 τῆς
869 1593 915 1663 δη-

159 1681 286 1749 μαρχικῆς
299 1679 418 1743 ἐξουσίας
431 1674 510 1733 οὐδέν
523 1677 717 1746 ἀπολαύοντες,
740 1678 851 1750 ὑφεῖντο
865 1681 914 1733 τοῦ

159 1762 294 1833 θράσους,
314 1761 359 1816 καί
373 1764 528 1834 προσιόντες
539 1762 583 1817 ἐπί
601 1765 647 1831 τῆς
660 1765 848 1834 στρατολογίας
862 1764 918 1824 τοῖς

160 1846 326 1912 τεταγμένοις
340 1846 386 1899 τόν
400 1839 469 1915 ίερύν
483 1841 564 1919 ὅρκον
582 1841 716 1916 ὤμνυσαν,
744 1845 788 1901 καί
805 1844 857 1901 ύπδ
871 1847 917 1906 τάς

143 1957 146 1964 v
161 1927 275 1997 σημαίας
288 1931 498 2001 κατεγράφοντο.
525 1929 582 1984 ἐπεὶ
593 1928 621 1984 δὲ
635 1930 665 1983 τό
679 1930 790 1991 ἐλλειπὲς
803 1930 854 1984 τῶν
867 1930 917 1983 λδ-

157 2031 210 2077 χων
223 2010 405 2082 ἐξεπληρώθη,
430 2010 637 2083 διεκληρώσαντο
651 2013 697 2076 τάς
709 2008 851 2082 ἡγεμονίας
864 2010 916 2065 τῶν

159 2093 345 2165 στρατοπέδων
358 2092 384 2163 σί
399 2090 511 2149 ὕπατοι·
539 2093 583 2149 καί
596 2095 612 2150 ό
623 2096 672 2167 μέν
694 2096 796 2165 Φάβιος
811 2096 858 2162 τήν
871 2093 915 2149 ἐπὶ

159 2178 190 2249 τῇ
210 2176 329 2249 βοηθείᾳ
350 2179 402 2232 τῶν
420 2180 565 2249 συμμάχων
585 2176 781 2234 άποσταλεῖσαν
801 2176 915 2247 δύναμιν
948 2236 951 2240 ,

160 2261 376 2332 παρελάμβανεν,
402 2257 460 2316 ὁδ’
478 2258 619 2333 Θύαλέριος
633 2263 680 2329 τὴν
692 2264 719 2316 ἐν
736 2256 916 2324 Οὐολούσκοις

159 2342 437 2421 στρατοπεδεύουσαν,
464 2340 537 2418 άγων
551 2345 614 2408 τούς
626 2343 718 2398 νεωστί
731 2346 916 2417 καταγραφέν·

158 2445 212 2486 τας.
237 2430 364 2497 μαθοῦσι
383 2427 410 2481 δέ
431 2430 476 2495 τόν
490 2429 642 2500 παρουσίαν
660 2424 744 2481 αὐτού
765 2428 823 2489 τοῖς
835 2429 906 2480 πολε-

58 2532 63 2537 ·
157 2506 229 2569 τάσις
242 2507 326 2563 ἐδόκει
339 2511 466 2582 στρατιάν
483 2530 511 2564 τε
524 2512 615 2582 ἑτέραν
624 2511 856 2581 μεταπέμπεσθαι,
871 2504 917 2562 καί

143 2591 176 2641 όν
191 2585 360 2670 ἰσχυροτέρῳ
381 2596 413 2653 τό
434 2593 621 2673 στρατόπεδον
640 2591 815 2659 παύσασθαι
826 2590 922 2663 μυρίη,
