1928 2954
140 170 192 229 104
258 164 421 220 Dlofflsn
441 162 788 219 HALIGARNASSENSIS

141 271 219 342 ὄχλος
230 275 331 328 ίκτίνον
345 271 390 329 ἐπί
404 273 451 342 τῆς
464 268 545 348 ἀρχῆς
566 269 640 343 ἠξίου
653 272 786 339 κατέχειν,
809 265 845 334 ῶς
858 266 911 327 ούιι

141 352 225 412 ἀλλου
238 358 310 420 τινός
324 351 434 430 ἀμιινσν
460 350 639 427 ἧμησαμίνου.
663 350 719 410 όό’
738 351 909 410 ἀναίνεσθαι

141 442 189 513 μὲν
203 444 391 516 προσεποιεῖτο
409 433 467 495 κατ’
495 437 590 513 ἀρχούς,
620 436 665 493 καί
680 435 810 494 ἀπολύειν
823 437 908 494 αύτόι·

142 523 219 593 ἠξίου
231 525 398 599 λειτουργίας
412 521 524 598 όχληράς
538 522 585 579 καί
597 523 765 593 ἐπιφθόνου.
781 525 912 578 τελευτῶν

143 603 184 675 δ’,
198 606 232 672 ῶς
245 611 392 682 ἐλιπάρουν
406 603 490 663 αὐτόν
506 603 621 671 ἅπαντες
627 648 635 672 ,
660 601 741 671 αύτός
755 627 781 662 τι
799 604 910 680 ύπέμινν

143 694 261 766 μετιέναι
276 693 323 762 τὴν
342 690 440 766 ἀρχὴν,
467 691 585 747 καὶτῶν
611 692 912 764 συμπαραγγελλόντων

143 777 205 841 τούς
219 773 345 850 ἀρίστους
359 773 555 848 αἰτιασάμενος,
570 770 622 844 ούχ
637 771 716 843 ἦόὲας
729 776 798 848 πρός
811 778 911 831 ἑαυτόν

143 859 209 930 ἔχειν
225 858 269 913 όιιί
285 861 331 914 τόν
345 860 464 930 φθόνον,
479 862 535 921 τοῖς
547 862 645 915 ἑαυτοῦ
660 859 748 929 φίλοις
761 860 912 932 συνηγωνί·

143 947 198 1010 ζετο
219 945 346 1017 φανερῶς.
374 941 569 999 ἀποδιίκνυταί
589 964 614 998 τε
635 945 717 998 πόλιν
736 947 763 998 ἐν
784 940 911 1015 ἀρχαιρε-

144 1030 214 1089 σίαις
227 1030 339 1093 λσχίτισι
353 1030 503 1101 νομοθέτης
523 1030 552 1083 τό
567 1026 702 1101 δεύτερον·
728 1028 778 1082 σύν
792 1023 821 1083 δ’
838 1024 911 1101 αύτῷ

145 1114 261 1174 Κόίντος
271 1112 320 1182 μὲν
337 1113 453 1184 Φάβιος,
481 1110 496 1167 ό
524 1110 686 1184 καλούμενος
704 1106 913 1182 ούῖβολανός,ό

145 1194 200 1269 τρίς
215 1194 378 1262 ὑπατεύσας,
407 1193 475 1268 ἀνηρ
496 1194 673 1263 ἀνεπίληπτος
687 1192 722 1257 τίς
735 1195 796 1250 τόότ
806 1197 913 1270 χρόνου

144 1282 286 1354 γενόμενος
300 1278 360 1352 περί
374 1281 464 1336 πᾶσαν
478 1277 590 1353 ἀρετὴν·
604 1282 631 1334 ἐκ
647 1279 675 1333 os?
689 1280 739 1333 τῶν
754 1274 840 1335 ἄλλων
854 1301 912 1336 πσ-

145 1364 265 1436 τρικίων,
280 1359 326 1426 ούς
339 1360 419 1426 αύιός
432 1363 577 1433 ἠσπάζετο,
606 1364 723 1433 Μάρκος
749 1365 910 1436 Κορνήλιος,

146 1449 262 1520 Μάρκος
276 1450 402 1522 Σέργιος,
418 1447 463 1503 καί
475 1448 595 1512 Λούκιος
609 1446 752 1512 Μινύκιος,
768 1448 815 1503 καί
833 1451 910 1511 Τίτος

145 1526 284 1596 Ἀντώνιος,
302 1532 346 1588 καί
360 1534 470 1594 Μάνιος
485 1528 656 1603 Ῥαβσληίος,
680 1527 774 1603 ἀνδρες
789 1530 821 1589 σύ
837 1534 911 1588 πάνυ

146 1620 297 1687 ἐπιφανεῖς·
318 1622 345 1671 ἐκ
367 1617 394 1670 όὲ
409 1619 458 1671 τῶν
473 1616 636 1689 δημοτικῶν,
652 1617 768 1679 Κόϊντος
790 1619 911 1673 ΙΙουτὲλ-

146 1704 213 1763 λιος,
230 1700 276 1754 καί
294 1703 406 1754 Καίσων
418 1701 548 1765 Δούλιος,
578 1698 623 1754 καί
637 1701 758 1772 Σπόριος
781 1696 911 1764 Ὄππιος.

146 1783 378 1856 προσελήφθησαν
391 1785 505 1855 γιὶρκαὶ
530 1770 689 1855 ούτοιπρός
715 1786 763 1839 τού
788 1779 910 1849 Ἀππίου,

146 1867 284 1929 κολακείας
298 1863 373 1921 ἕνεκα
396 1869 447 1922 τῶν
466 1867 629 1938 δημοτικῶν,
656 1867 837 1935 όιόιίσκοντσς,
867 1864 911 1924 ὅτι

146 1951 251 2006 όίκαιόν
265 1954 335 2017 ἐστι,
357 1952 422 2023 μιάς
436 1948 518 2022 ἀρχῆς
532 1955 601 2007 κατιύ
616 1952 722 2006 πάντων
742 1948 911 2008 ἀποόεικνυ-

144 2037 236 2108 μένης,
252 2030 321 2090 εἷναί
335 2056 360 2089 τι
381 2035 426 2090 καὶ
441 2039 487 2090 τοῦ
502 2036 589 2108 όημσυ
602 2040 682 2108 μέρος
694 2038 722 2090 ἐν
735 2031 813 2108 αὐτῇ.
834 2032 910 2092 εύόο·

145 2121 229 2191 κιμῶν
249 2115 276 2172 ό’
299 2123 326 2173 ἐν
346 2115 432 2176 ἅπασι
452 2112 581 2185 τούτοις,
599 2119 643 2175 καλ
663 2121 749 2175 ἀσκῶν
768 2121 912 2194 κράτιστος

145 2199 213 2259 εἶναι
226 2205 357 2275 βασιλέων
372 2225 397 2259 τε
417 2205 462 2260 καὶ
480 2207 531 2259 τῶν
540 2199 606 2258 ’κατ’
626 2206 750 2259 ἐνιαυτόν
773 2199 911 2277 ἧνηοαμό·

146 2308 197 2343 νων
211 2292 256 2356 τῆς
274 2290 380 2354 πόλεως,
396 2290 603 2360 παραλαμβάνει
618 2289 698 2343 πάλιν
714 2288 760 2356 τὴν
774 2286 859 2362 ἀρχὴν
874 2285 909 2353 εἷς

144 2374 191 2427 τόν
205 2374 316 2427 ἐπιόντα
331 2375 462 2428 ἐνιαυτόν,
480 2376 565 2427 ταῦτα
580 2367 638 2427 κατ’
663 2373 765 2439 ἐκείνην
780 2375 907 2446 ἐπριίχθη

145 2456 348 2527 τήνόεκαρχίαν
372 2454 523 2529 Ῥωμαίων,
551 2451 761 2522 ιίλλούόύόὲν,
791 2454 808 2510 ό
822 2477 845 2510 τι
862 2453 908 2511 καί

139 2534 327 2617 λόγουάξιον.
