1928 2954
210 127 244 183 72
328 123 487 174 DIONYSH
504 118 851 171 HALICARNASSENSIS

211 228 333 294 ,πολεων
364 227 524 300 παρελθὼν,
554 226 629 289 τίνας
653 228 790 294 ἐπιφανεῖς
814 225 860 280 ναί
886 229 957 281 καλά

212 314 335 386 ,πράξεις
349 312 521 384 προελόμενος
538 310 604 379 ἐμοῦ
618 312 697 363 πλέον
717 306 783 377 ἔχειν
799 305 883 370 άξιοῖ·
915 311 953 366 πό

211 414 307 468 ,τερον
319 393 363 461 ἔτη
377 393 456 448 πλείω
470 393 709 466 στρατευσάμενος,
730 387 748 458 ἢ
760 392 848 464 μάχας
861 395 957 448 πλείου

212 477 441 583 ,,άμωνισάμενρς,
466 498 482 544 η
497 475 636 549 τρανματα
650 474 730 530 πλείω
745 472 888 546 λαβὼν,
870 496 888 540 η
912 496 959 533 στε

212 562 343 632 ,φάνοις,
363 561 409 616 καί
428 562 570 632 φαλάροις,
593 559 772 636 ιιαλσκιλλοις,
794 557 840 613 καί
854 561 910 621 τοῖς
923 555 959 614 άλ

213 648 288 709 ,,λοις
313 645 454 705 ἐπινικίοις
483 645 593 714 κόσμοις
618 641 848 718 ὑπερβαλόμενος,
877 629 956 696 δι”
935 660 958 694 ω

213 726 424 800 ,ἀσθενέστεροι
438 727 488 830 μὲν
508 724 535 801 ολ
554 729 675 824 πρλίμιοι
695 726 848 798 γεγόνασιν,
872 729 961 796 ἐπιφα

215 812 346 884 ,,νεστε’ρα
361 811 446 865 δίκαι
438 804 585 911 μείζον’
570 831 586 875 η
600 809 704 908 πατρίς.
726 809 829 880 μάλλον
842 807 870 862 δι’
885 809 916 862 εδ
929 806 961 864 δι’

213 913 316 959 ,μιατον
334 893 486 956 ἐπιδειξάτω
504 893 596 965 μόρος,
623 879 659 946 ολν
678 890 729 964 ἐμάν
750 890 912 954 ὑπίδτιξα’
900 894 949 962 υμῖ

214 973 302 1076 ,άλλά
320 976 421 1030 τοιλτων
445 971 472 1049 γ’
497 995 523 1028 οι
548 975 654 1038 πλείους
681 970 777 1030 οιλδ”
767 973 801 1029 άν
822 977 958 1042 πολλοστή

214 1057 318 1127 ,ἔχοιεν
331 1062 568 1131 ίπεισενεμκασθαι
585 1062 683 1133 μοῖραν
697 1061 747 1112 τῶν
760 1057 874 1130 §fimf
859 1078 926 1113 ενιοι
943 1058 960 1112 δ

214 1136 297 1213 ,οὐδ’
318 1139 352 1197 άν
366 1144 402 1214 τῷ
414 1143 574 1214 φαυλοτάτην
587 1144 639 1196 τῶν
652 1146 680 1196 ίκ
698 1142 747 1198 τοὺ
761 1141 848 1212 δῆμον
861 1145 956 1210 φανείιΙ

215 1228 270 1293 ,,τά
289 1229 335 1281 λ’σα
354 1227 600 1292 κακοπαθήσαντες.
625 1221 657 1278 οὑ
675 1227 727 1296 γάρ
744 1229 813 1280 ἐστιν
832 1220 927 1287 αὑτοῖς

214 1311 289 1373 ,,τοῖς
303 1305 394 1372 ὅπλοις
406 1305 422 1376 ἡ
435 1311 594 1381 λαμπρότης,
607 1304 663 1362 ἄλλ’
676 1313 703 1362 ίν
716 1312 770 1370 τοῖς
783 1309 886 1377 λόγοις·
909 1303 961 1363 οὑδ

214 1396 305 1462 ,μανά
322 1395 373 1446 τῶν
391 1395 496 1463 ἐχθρῶν
513 1396 545 1448 τό
573 1391 728 1492 δυνάμενον,
755 1389 822 1445 άλλά
840 1394 908 1446 κατά
921 1394 958 1446 τῶ

215 1477 330 1544 ,φίλων
358 1472 445 1530 οὔδ’
432 1495 562 1542 ηγοννται
576 1495 667 1540 τιοινην
680 1494 761 1528 οινειν
775 1477 867 1538 πόλιν
898 1478 957 1545 σφῶ

320 1555 328 1573 )
350 1562 363 1576 n

215 1726 310 1794 ,,παρά
325 1725 375 1777 τῶν
396 1725 531 1794 τυράννων
550 1721 785 1796 παραλαβόντες
772 1725 856 1794 ημᾶς·
883 1726 913 1779 ολ
926 1745 957 1796 με

216 1807 286 1873 ,,(τά“
308 1812 361 1878 ράρ
386 1802 463 1876 άλλα,
489 1803 540 1863 ὅσα
568 1807 715 1878 ὑβρίζοντες
734 1804 803 1877 ἡμᾶς
828 1810 910 1880 μικρά
928 1830 962 1861 ιτα

215 1889 311 1958 ,,μείζω
338 1889 514 1954 διατελοῦσιν,
538 1891 570 1956 ολς
593 1889 708 1954 άπανεες
732 1891 890 1962 ἐπίστασθε,
913 1910 940 1944 σι

215 1975 306 2038 ,,πῶ·)
329 1968 384 2028 ἀλλ’
404 1971 439 2035 εἷς
452 1977 531 2027 τοῦτο
547 1975 764 2046 προεληλιλθασιν
779 1972 949 2045 ὑπερηφανία

216 2051 304 2122 ,ὥστ’
327 2053 390 2111 οιλδὲ
408 2060 499 2127 φωνήν
514 2055 619 2117 άξιοὺσί
632 2077 690 2110 τινα
704 2053 777 2126 ἡμῶν
791 2053 901 2125 άφιὲναι
914 2077 963 2129 περ

215 2143 279 2206 ,τῆς
298 2140 426 2212 πατρίδος
443 2143 599 2212 ἐλευθέραν,
630 2135 693 2193 οελδί
713 2139 808 2210 διρῖραι
825 2141 856 2194 τό
871 2143 959 2209 στόμα

214 2221 303 2293 ,,άλλά
317 2226 363 2278 τόν
375 2225 423 2294 μὲν
437 2226 541 2294 πρῶτον
554 2221 662 2277 εἰπόντα
674 2221 734 2295 περὶ
748 2227 792 2289 τῆς
805 2222 951 2295 κληρουχία

215 2307 359 2381 ,,Σπόριον
372 2308 512 2374 Κάσσιον,
539 2306 608 2377 τρισί
620 2307 668 2375 μὲν
683 2304 820 2367 ὑπατείαις
838 2325 954 2377 κεκοσμη

214 2390 320 2458 ,,με’νον,
346 2389 407 2444 δυσί
427 2389 453 2442 δὲ
472 2390 622 2461 θριάμβοις
642 2389 851 2462 λαμπροτάτοις,
874 2388 960 2443 τοσαιλ

204 2512 222 2538 ,,
229 2492 277 2539 την
292 2473 321 2529 δὲ
335 2472 478 2545 δεινότητα
492 2473 553 2547 περί
565 2492 594 2527 τε
604 2475 651 2536 τάς
664 2474 838 2543 στρατηγικάς
856 2475 963 2542 πράξεις

193 2559 267 2636 ηναί
281 2563 347 2643 περί
363 2565 397 2624 τά
410 2563 547 2624 πολιτικά
567 2557 745 2636 βουλεὺρατα
766 2552 961 2615 &mmmm
