1928 2954
184 167 461 236 ANTIQVITATVM
486 165 626 220 ROMAN.
644 167 708 219 Lm.
729 168 761 220 X.
814 175 866 231 105

99 338 205 406 Appius
227 336 355 388 (ῒέααόίαε
379 342 488 408 eiusque
506 340 628 409 collegae
646 339 745 389 iterum
763 341 849 390 creati

228 406 378 456 decemviri.
415 409 475 456 ΧΠ
491 412 598 478 Legum
615 407 736 456 tabulae.

166 524 240 583 LIX.
261 524 305 584 Ἐν
320 529 347 584 δέ
362 528 396 601 τῷ
409 530 523 584 κατόπιν
537 527 587 584 ἔτει
602 529 805 601 παραλαβόντες
818 528 864 595 τήν

100 609 235 680 ὖπατικήν
254 615 378 676 ἐξουσίαν
394 610 421 667 οἱ
447 613 497 667 σεἰν
520 609 618 685 Ἀππίρι
645 611 775 684 Κλαυδίῳ
803 611 865 667 δέκα

98 691 199 767 ἄνδρες,
221 695 316 761 Εἰδσῖς
329 694 452 761 Μαόαις·
483 687 548 770 ήμον
568 696 596 750 δὲ
612 697 673 759 τούς
691 700 779 769 μῆνας
797 697 866 749 κατά

98 780 224 849 σελήνην,
240 780 286 836 καὶ
300 783 460 837 συνέπιπτεν
476 779 512 845 εἷς
532 783 579 844 τάς
599 779 687 844 εἰδοὺς
704 777 717 849 ή
736 781 867 848 πανσέλη.

98 883 156 926 νος·
173 867 338 938 πρῶτονμὲν
360 862 440 940 ὅρκια
455 866 577 937 τεμόντες
595 862 737 937 άπόρῥητα
752 863 788 936 τῷ
803 864 866 931 πλή·

98 951 153 1013 θιι,
170 951 312 1016 συνθήκας
326 951 421 1022 σφίσιν
440 945 535 1014 αὐτοῖς
561 949 656 1004 ἔθεντο
671 948 733 1021 περὶ
746 951 865 1020 μηθενός

101 1029 223 1099 άλλήλοις
236 1037 445 1098 ἐναντιοῦσθαι,
473 1030 490 1088 ό
503 1054 528 1088 τι
541 1029 569 1088 δ’
584 1032 618 1088 άν
632 1026 668 1095 εἷς
683 1036 708 1097 ἐξ
722 1027 811 1087 αὐτῶν
826 1031 864 1086 δι-

99 1114 216 1190 καιὼση,
242 1119 320 1174 τοῦτο
348 1114 462 1183 άπαντες
486 1114 618 1192 ήμεῖοθαι
644 1117 754 1190 κόριον,
781 1117 828 1183 τήν
843 1112 866 1170 τ’

99 1198 183 1274 άρχήν
197 1206 320 1265 καθέξειν
336 1202 380 1257 διά
393 1202 469 1274 βίου,
488 1200 534 1255 καὶ
547 1200 648 1272 μηδένα
663 1202 794 1272 παρήσειν
808 1199 866 1254 ἑέε-

99 1304 148 1358 ρον
162 1284 205 1339 ἐπὶ
221 1287 254 1339 τά
268 1288 422 1358 πράγματα,
441 1283 559 1355 ἰσότιμοὶ
574 1305 599 1339 τε
613 1280 728 1347 άπαντες
743 1282 864 1348 ἔσεσθαι,

99 1368 145 1422 καὶ
160 1370 205 1435 τήν
220 1364 305 1436 αὗιήν
320 1368 383 1431 έξειυ
403 1368 579 1433 δυναστείαν,
599 1371 701 1441 βουλής
711 1369 767 1439 μέν,
784 1364 800 1430 ή
816 1366 865 1433 δή·

99 1472 154 1518 μου
183 1453 340 1524 ψηφίσμασι
354 1455 474 1515 σπανίως
489 1453 534 1506 καὶ
548 1451 584 1517 εἷς
596 1447 667 1507 αὗτά
681 1454 713 1506 τά
728 1449 867 1521 άναμιιαῖα

98 1536 244 1610 χρώμενοι,
271 1541 305 1590 τά
319 1539 347 1591 δέ
361 1541 473 1591 πλεῖστα
487 1536 531 1591 ἐπὶ
546 1540 591 1605 ιής
618 1539 719 1592 ἑαυτῶν
746 1536 867 1598 ἐξουσίας

99 1622 248 1684 ποιοῦντες.
264 1623 391 1688 ἐνστάσης
403 1620 431 1675 δέ
446 1624 490 1688 τῆς
504 1616 611 1696 ἡμέρας,
626 1624 655 1675 ἐν
667 1606 684 1692 ᾗ
698 1621 865 1690 παραλαβεῖν

99 1699 265 1764 αὗιούςέδει
287 1707 334 1773 τήν
359 1703 458 1778 άρχήν,
483 1709 538 1768 τοῖς
564 1709 642 1769 θεοῖς
667 1703 866 1776 προθύσαντες,

99 1784 168 1860 άπερ
183 1776 215 1855 ήν
231 1792 324 1859 νόμος·
345 1788 419 1862 ἱεράν
434 1789 462 1843 δέ
486 1789 586 1859 ταύτην
613 1785 713 1860 άγοισι
735 1783 864 1859 Ῥωμαῖοι

99 1876 147 1937 τήν
162 1869 278 1947 ήμέραν,
304 1873 351 1926 καὶ
371 1875 467 1937 πάντες
480 1876 597 1946 μάλιστα
624 1870 778 1928 όττεόονται
803 1867 865 1942 μήτ’

99 1954 216 2013 εἰποῦσαι
229 1959 319 2027 μηθὲν
333 1956 412 2026 άηδές
432 1962 459 2012 ἐν
480 1954 561 2032 αὐτῇ,
587 1953 649 2030 μήτ’
671 1955 751 2011 ἷδιῖν·
780 1954 865 2009 έωθεν

99 2037 183 2104 εὐθὺς
197 2038 306 2114 ἐξῄεσαν
320 2040 347 2095 οἱ
369 2042 432 2098 δέκα
442 2045 476 2096 τά
491 2043 638 2113 παράσημα
653 2043 742 2095 πάντα
760 2043 802 2107 ιής
815 2041 865 2108 βα·

99 2129 201 2191 σιλικής
220 2127 342 2188 ἐξουσίας
360 2121 474 2189 ἅπαντες
494 2127 665 2198 ἐπαγόμενοι,
692 2124 707 2177 ὁ
729 2123 756 2176 δὲ
772 2121 863 2192 δῆμος,

99 2208 131 2270 ὡς
146 2207 249 2279 ἔμαθεν
263 2207 361 2272 αὐτοὺς
376 2204 463 2264 οὐκέτι
477 2210 661 2279 φυλάττοντας
675 2208 704 2261 τό
719 2208 866 2277 δημοτικόν

98 2296 183 2348 ἐκεῖνο
198 2293 243 2348 καλ
256 2296 365 2367 μέτριον
376 2296 465 2365 οχήμσι
479 2296 524 2361 τῆς
538 2288 695 2364 ἡγεμονίας,
717 2286 780 2344 οῦδὲ
800 2289 864 2343 δια-

97 2379 277 2449 μειβομένους
291 2381 324 2431 τά
339 2379 487 2450 παράσημα
508 2381 552 2445 τής
564 2378 703 2448 βασιλικῆς
716 2371 814 2446 άρχῆς,
832 2371 865 2438 ὡς

99 2463 245 2535 πρόιερον,
273 2459 307 2523 εἷς
329 2463 429 2530 πολλήν
454 2449 523 2529 ήλθε
552 2459 710 2531 δυσθυμίαν
725 2459 769 2513 καὶ
785 2458 864 2526 κατή-

100 2565 187 2613 φειαν.
207 2547 329 2618 ἐφόβουν
342 2540 371 2600 δ’
399 2544 425 2601 οἱ
444 2546 661 2622 προσηρτημέυοι
674 2546 735 2607 ταῖς
760 2541 875 2610 δέσμαις

93 2628 266 2700 νῶνβαβάοιν
277 2633 411 2703 πελέκεις,
441 2628 492 2700 οἷς
506 2630 608 2713 έφέρον
625 2631 654 2691 ολ
680 2625 901 2702 προηηυδυὶῖὒῑ
