1928 2954
160 134 212 195 244
274 132 436 187 DIONYSII
456 132 803 189 HALICARNASSENSIS

162 241 220 313 αδν,
237 239 283 296 καί
295 240 413 312 θέμενον
430 240 554 294 ἐνταῦθα
567 239 602 294 τοί
618 234 690 296 ὅπλα
696 283 704 314 ‚
732 243 779 313 τήν
793 245 925 300 ίπιοίνοαν
947 276 953 311 ;

161 325 245 380 νδκτα
258 324 373 397 διέμενε·
392 326 450 387 ταῖς
464 322 492 377 δί
506 325 560 393 ἑξής
578 319 688 398 ήμίραις
709 329 833 402 φρουράν
847 349 925 402 περι-

161 410 309 479 στήσαντος
321 410 370 465 τοῦ
386 405 491 464 ὕποίτου
504 406 539 479 νηί
552 407 635 480 λόφῳ,
650 407 696 463 καὶ
708 410 798 474 πόσας
811 410 926 467 δεακλεί·
944 472 948 477 ,

161 513 258 558 ααντος
280 487 373 556 ὅπλοις
391 491 438 553 τοίς
456 489 575 561 ἐξόδους,
595 490 663 564 λιμῷ
682 492 801 564 βιασθίν
821 493 927 564 ίιποχτί-

161 597 220 650 ριον
232 577 350 649 γίνεται,
370 573 416 630 καί
430 572 599 648 παραδίδωσι
612 576 645 628 τοί
658 571 739 630 ὅπλα.
753 576 770 630 δ
782 577 810 632 δὲ
822 574 927 643 ὕπατος
957 566 961 573 “

161 662 209 729 τήν
222 681 249 715 τε
262 660 344 730 λείαν,
359 655 410 731 δσῃ
423 659 539 726 ἐπέτυχε,
565 656 611 711 καί
630 660 662 712 τιί
675 659 786 733 λάφυρα
805 660 850 716 καὶ
864 663 927 727 τοὺς

161 741 344 817 αἰχμαλώτους
364 740 525 797 ἀποδόσθαι
539 740 662 806 κελεόοας
680 745 737 806 τοῖς
749 745 869 815 ταμίαις,
889 743 925 809 εἷς

161 829 211 896 τήν
225 829 303 884 πόλιν
318 821 448 898 ἀπήνεγκε
467 824 497 878 τδ
510 820 650 899 ἀρχίριον.
666 824 713 880 καί
723 822 779 898 μετ’
795 823 827 882 οὔ
840 831 925 884 πολὺν

161 913 259 984 χρόνον
286 905 439 977 ἀναστήσας
466 908 514 976 τήν
540 906 654 980 δύναμιν
680 913 707 964 ἐκ
721 913 767 979 τῆς
790 912 924 982 πολεμίας,

163 992 265 1067 ἀπῆμεν
279 987 319 1048 ἐπ’
333 993 420 1055 οἴκου,
440 993 611 1055 τελευτῶντος
624 987 675 1060 ήδη
690 995 739 1047 τοῦ
753 992 837 1058 ίτους.
864 999 924 1051 ἐπι-

163 1079 281 1134 στάντων
295 1075 323 1130 δί
337 1078 388 1129 τῶν
402 1073 589 1148 ἀρχαιρεσίων,
612 1073 684 1138 ίδοξε
700 1079 757 1139 τοῖς
776 1080 924 1152 πατρικίοις

162 1160 342 1238 ἠρεθισμένον
370 1157 452 1233 δρῶσι
473 1160 520 1213 τόν
534 1158 626 1230 δῆμον,
650 1157 697 1213 καί
713 1162 925 1234 μεταμελόμενον

164 1247 206 1302 ίπί
221 1245 254 1320 τῇ
268 1245 395 1300 Κασσίου
409 1241 550 1316 καταδίκη,
559 1242 604 1296 διαί
618 1244 739 1313 φυλακής
752 1239 835 1299 αὐτόν
848 1244 922 1315 ἔχειν,

165 1331 198 1399 τιή
213 1351 239 1384 τι
253 1328 442 1402 παρακινήσειε
455 1327 535 1382 πόλιν
549 1322 584 1388 εἰς
605 1325 742 1398 δεκασμῶν
760 1327 856 1384 ίλπίδα
878 1328 924 1383 καί

163 1414 264 1488 κλήρων
279 1411 411 1483 διανομήν
430 1407 562 1476 ὕπαχθείς
581 1404 624 1463 ὑπ’
644 1407 740 1481 ἀνδρὸς
761 1410 923 1486 δημαγωγή-

164 1519 210 1553 ααι
237 1494 353 1550 δυνατοῦ
382 1495 412 1547 τό
432 1496 477 1561 τής
504 1490 632 1555 ὑπατείας
655 1494 786 1566 λαβόντος
812 1494 924 1568 ἀξίωμα.

163 1581 285 1651 ἐφαίνετο
314 1572 343 1632 δ’
369 1571 461 1638 αὐτοῖς
484 1574 571 1650 ρίᾷστα
586 1579 797 1646 κωλυθήσεσθαι
824 1580 924 1635 τούτων
952 1580 963 1601 “

164 1667 234 1728 τινός
261 1660 426 1737 ὀρεγόμενος,
454 1656 476 1714 εί
501 1660 607 1732 γίνοιτο
631 1655 814 1735 ίίπατοςάνήρ
829 1659 924 1730 ήκιστα

166 1748 314 1819 δημοτικός.
330 1745 540 1816 βουλευσόμενοι
555 1742 587 1811 δή
602 1745 690 1811 τοῦτο,
710 1745 846 1802 κελείουοι
863 1768 924 1818 μετ-

164 1832 232 1886 ιέναι
247 1831 294 1898 τήν
308 1826 437 1882 ὑπατείαν
460 1827 506 1880 τδν
521 1823 610 1900 ἕτερον
622 1830 673 1882 τῶν
687 1833 925 1904 κατηγορησάντων

164 1916 212 1969 τοῦ
227 1911 361 1978 Κασσίου,
376 1912 509 1968 Καίσωνα
529 1905 641 1982 Φάβιον,
666 1908 783 1981 ἀδελφόν
797 1912 861 1968 ὄντα
875 1917 924 1969 τοῦ

163 2001 221 2054 τότε
237 1995 417 2058 ὖπατείνοντος
429 1992 562 2058 Κοίντου,
591 1993 636 2049 καὶ
654 1997 683 2049 ἐκ
704 1998 755 2050 τῶν
769 1991 855 2052 οίλλων
868 2018 923 2052 πα·

163 2084 270 2156 τρικίων
291 2078 411 2136 Λούκιον
424 2076 564 2151 Αἰμίλιον,
583 2073 671 2152 ἀνδρα
691 2075 922 2155 ἀριστοκρατικόν.

162 2167 264 2221 τούτων
291 2163 320 2218 δὲ
344 2165 487 2235 μετιόντων
506 2162 553 2230 τήν
573 2157 656 2234 ἀρχήν
681 2162 789 2218 κωλίειν
808 2166 856 2236 μίν
875 2160 924 2265 οὐχ

163 2245 217 2305 οίοί
243 2269 270 2302 τε
296 2234 365 2315 ἦσαν
392 2247 419 2302 οί
444 2246 597 2316 δημοτικοί·
621 2248 811 2312 καταλιπόντες
836 2249 864 2303 δε
877 2268 925 2312 τας

164 2332 370 2409 ἀρχαιρεσίας,
357 2326 457 2398 εἷίχοντο
471 2333 500 2384 ἐκ
513 2349 561 2384 του
546 2328 679 2384 ’πεδίου
707 2330 737 2384 τό
751 2333 804 2433 χείρ
817 2335 863 2401 τῆς
876 2336 925 2386 λο-

161 2418 262 2487 χίτιδος
273 2413 412 2482 ἐκκλησίας
430 2432 509 2514 κυρος
528 2417 556 2467 ἐν
570 2415 626 2475 ταῖς
647 2413 835 2488 ψηφοφορίαις
848 2417 924 2488 παρτί

163 2504 218 2560 τοις
239 2498 460 2570 ἐπιφανεστάτοις
483 2484 516 2563 ήν
542 2493 587 2551 καί
613 2497 646 2551 τοί
674 2496 764 2598 μρῶτα
789 2499 924 2571 τιμήματα

149 2603 260 2653 σχονσι·
276 2605 325 2641 και
318 2582 460 2643 σπάνιόν
474 2604 502 2640 τι
514 2565 557 2657 ήν,
578 2600 593 2636 ο
577 2572 802 2654 “λπεκίιρουν
778 2602 806 2634 οε
824 2581 913 2635 δῶτ’
884 2603 923 2651 ρε-
