1928 2954
106 195 154 250 186
231 184 387 238 DIONYSII
406 183 753 237 HALICARNASSENSIS

106 300 209 367 σαμένῳ
224 293 271 362 τήν
285 288 456 394 ὀλιγαρχίαν,
472 290 517 348 καί
530 311 623 347 νεωστι
611 289 741 348 δπό
705 312 758 347 των
747 291 875 395 δημάρ·

105 399 158 449 χων
178 375 362 454 ἀναιρεθέντι·
386 375 449 443 τοδς
470 397 495 432 τι
519 375 724 444 κυρωθένταςε
712 370 757 433 υιέ
786 372 875 434 αδτῶν

107 465 206 533 νόμους
232 463 471 567 προβαλλομένου,
500 447 568 517 δι’
547 482 584 516 ων
608 457 768 530 ήλοίιτωσαν
782 462 861 516 τό·
830 482 875 530 της

107 550 209 619 βουλῆς
223 548 335 619 κρότος,
343 567 389 601 και
380 543 486 602 ταλλα
501 545 700 616 πολιτεύματα,
727 540 781 600 ὅσα
796 533 874 602 οὗτοι

108 633 310 702 πολιτευόμενοι
336 631 496 687 διετέλεσαν·
524 631 676 685 τελευταίαν
704 629 733 684 δέ
760 632 811 697 τήν
824 632 873 686 τῶν

108 715 171 772 δέκα
186 709 355 788 ἄνδρῶν,“
322 735 369 778 ους
380 710 544 787 προῦδωκαν
562 717 618 777 τοῖς
637 715 803 789 δημόρχοις,
823 718 874 770 τῶν

105 801 154 872 μὲν
169 797 317 869 ἀπώλειαν,
338 801 390 852 τῶν
404 798 432 853 δέ
446 798 589 868 δήμευσιν,
607 798 642 863 ὥς
655 800 730 872 παρὰ
745 798 811 862 τούς
824 795 872 871 ὄρ·-

106 904 170 947 κους
182 883 228 937 καὶ
243 886 289 945 τιὶς
303 883 450 950 συνθήκας,
468 883 626 947 διεξιόντος·
647 885 681 936 τοί
694 885 749 958 γάρ
763 882 810 939 ἐπὶ
824 888 875 939 τῶν

105 967 180 1040 ἱερῶν
200 969 460 1038 συνομολογηθέντα
479 970 535 1030 τοῖς
553 967 706 1042 πατρικίοις
724 967 793 1039 πρός
813 970 875 1031 τοδς

105 1050 278 1121 δημοτικούς,
307 1045 348 1104 ἐπ’
362 1047 441 1125 σλδείρι
468 1072 495 1105 τε
522 1051 629 1106 πόντων
654 1052 800 1123 γενέσθαι,
829 1053 873 1109 ιιιιλ

105 1132 239 1208 ἀμνηστίᾳ
259 1136 312 1189 τῶν
326 1137 476 1210 προτέρων·
502 1136 546 1189 τόν
569 1130 590 1189 τ’
613 1130 724 1191 Ἀππίου
743 1138 871 1192 θόνατον

104 1216 154 1274 οιίκ
168 1215 322 1293 αδτοχειρίᾳ
348 1221 479 1294 γενέσθαι
493 1222 629 1291 λέγοντος,
650 1215 705 1273 ἀλλ’
720 1220 873 1292 ἐπιβούλως

106 1303 158 1361 ὑπό
172 1307 223 1359 τῶν
237 1303 380 1406 δημαρχων
393 1306 447 1378 πρό
463 1303 554 1374 δίκης,
568 1302 613 1359 ἵνα
626 1305 693 1375 μήτε
705 1305 793 1377 λόγου
807 1305 870 1409 τείχη

105 1389 265 1459 κρινόμενος,
279 1388 333 1458 μήτ
332 1383 454 1451 ἐλέους·
476 1387 510 1450 ὧς
523 1385 545 1442 εί
558 1388 670 1457 κατέστη
684 1391 754 1461 γοῦν
769 1386 806 1453 εἷς
816 1391 871 1462 κρί-

105 1492 147 1526 σιν
162 1471 177 1527 o‘
192 1469 270 1544 ανήρ,
290 1474 384 1540 γένους
405 1471 483 1532 αξίαν
504 1475 695 1544 παρεχόμενος,
724 1494 770 1528 και
761 1473 869 1529 πολλοὶ

106 1560 135 1610 τό
150 1562 242 1611 κοινόν
256 1576 286 1610 ευ
302 1557 460 1623 πεποιηκὼς,
478 1551 575 1630 ὅρκοις
590 1577 616 1610 τε
631 1555 678 1610 καὶ
691 1560 794 1622 πίστεις
811 1562 868 1612 έπε-

105 1639 247 1711 βοώμενος,
264 1662 306 1704 αις
319 1661 346 1694 οι
337 1636 504 1713 ’ἅνθρωποι
519 1641 689 1704 πιστεδοντες
707 1639 744 1705 είς
758 1641 868 1698 διαλλα-

105 1725 153 1795 γας
167 1724 346 1795 συνέρχονται,
364 1726 442 1778 τέκνα
457 1745 483 1778 τε
498 1724 543 1778 καὶ
557 1726 728 1800 συγγένειαν,
743 1725 789 1780 καὶ
804 1723 867 1782 αδιό

104 1808 133 1859 τό
149 1808 275 1860 ταπεινόν
301 1811 406 1877 σχήμα,
435 1807 480 1862 καὶ
506 1803 588 1863 τιλλλα
617 1810 704 1864 πολλὰ
730 1813 822 1882 φέρων
836 1807 868 1872 εἰς

104 1884 194 1945 οἶκτον
221 1893 383 1963 ἐφελκόμενα
399 1894 429 1945 τό
444 1895 559 1960 πλῆθος.
581 1895 693 1947 τοιαῦτα
709 1889 767 1948 κατ’
782 1890 868 1948 αὗιῶν

104 1977 241 2042 ἐκχέαντος
260 1976 404 2030 Κλαυδίου
425 1975 529 2041 Γαίου,
558 1975 602 2031 καὶ
617 1972 703 2032 σίλλων
717 1981 866 2051 παρόντων,

94 2056 309 2131 ,έδοξενοίγοιπᾷν
323 2056 432 2134 αὐτοῦς,
445 2057 467 2113 εί
479 2063 516 2133 μή
531 2059 648 2116 δώσουσι
662 2062 752 2126 δίκας·
768 2064 867 2135 θριιλμ·

101 2145 158 2212 βων
173 2142 202 2197 δέ
215 2145 387 2217 καταγωγῆς,
401 2143 418 2211 ἢ
434 2146 512 2198 τινῶν
526 2145 654 2200 τοιοίιτων
667 2147 866 2219 συγχωρήσεων,

102 2220 165 2279 οὗδέ
179 2227 248 2280 κατιὶ
260 2229 357 2301 μικρόν
367 2224 459 2292 ολξίους
468 2223 538 2284 εἶναι
552 2231 699 2301 τυγχάνειν.

121 2375 250 2424 Valerius
260 2384 287 2424 et
298 2377 433 2427 Horatius
451 2377 538 2428 invito
557 2388 654 2429 senatu
673 2378 850 2446 triumphant.

165 2474 195 2533 L.
213 2475 465 2553 Ἄποψηφισοιμένης
484 2481 512 2537 δέ
526 2487 570 2553 τῆς
581 2484 684 2554 βουλῆς
697 2485 745 2539 τόν
758 2484 865 2558 θρίαμ-

93 2563 157 2641 γίον,
172 2559 393 2643 ιλγανακτοῖιντες
405 2565 433 2622 οἱ
444 2566 505 2640 περὶ
514 2569 561 2621 τόν
578 2563 734 2642 Οὐαλέριον,
749 2567 796 2623 καὶ
810 2568 864 2623 δει-

89 2655 143 2727 νήν
159 2652 245 2740 ’ὕβριν
259 2655 511 2733 ὑπολαμβᾶνοντῑς
521 2650 873 2723 λιβρλζεοθαι,συνεκέκλεπατ
