1928 2954
166 190 200 242 20
290 181 802 234 DIONYSIIHALICARNASSENSIS

167 308 208 352 τες
220 295 248 343 έν
263 287 363 362 Καπδχ
381 287 514 360 Κυμαίων
536 289 668 361 φυγάδες,
694 274 729 344 όιν
743 277 812 356 ἦσαν
824 291 926 360 ἐπιφα-

167 373 288 429 νέστατοί
300 394 328 428 τε
341 372 386 429 καί
400 375 540 437 πλείστους
553 374 710 443 Καμπανῶν
719 372 819 441 έχοντες
829 374 924 440 ξένους,

169 455 196 514 οἶ
205 451 413 530 Ἱππομέδοντος
424 457 523 522 παῖδες,
549 460 598 511 τοῦ
612 458 682 510 κατά
695 459 742 511 τόν
759 456 926 532 Τυρρηνικδν

168 540 383 615 ἱππαρχήσαντος
397 542 521 611 πόλεμον,
548 536 629 595 αότοί
641 560 665 595 τι
681 537 851 614 ὡπλισμένοι,
878 535 926 614 κρέ-

79 669 84 680 .
167 628 262 689 κείνοις
289 627 437 696 κομίζοντες
462 620 545 689 ὅπλα,
571 626 728 695 Καμπανῶν
743 645 769 679 τε
782 626 925 695 μισθοφό-

165 732 218 784 ρων
240 708 286 764 καί
310 710 394 780 φίλων
415 711 491 779 χεῖρα
510 709 737 782 συγκροτήσαντες
762 705 812 765 οὐκ
825 705 926 782 όλίγεχν.

166 794 256 859 ἐπειδὴ
271 795 299 848 δέ
312 789 385 848 καθ’
412 789 440 846 ἓν
465 789 578 856 άπαντες
598 797 729 866 ἐγένοντο,
754 790 927 866 τοδςάγροδς

165 881 217 933 τῶν
229 880 335 950 ἐχθρῶν
347 878 525 939 καταθέοντες
536 878 646 949 ἐφόδοις
658 881 825 951 λῃστρικαῖς,
851 880 940 947 lien-⁸

166 963 279 1026 λάτσυν,
305 960 351 1016 καί
371 961 433 1026 τοδς
455 961 568 1026 δούλους
581 960 736 1030 ἀφέστασαν
750 958 805 1018 ιλπό
819 965 871 1018 τῶν
884 962 925 1016 δε-

166 1048 285 1110 σποτῶν,
319 1044 366 1100 καί
391 1045 454 1108 τούς
479 1049 507 1101 ἐκ
534 1048 585 1101 τῶν
610 1046 794 1116 δεσμωτηρίων
817 1045 926 1106 λέοντες

166 1130 345 1197 καθώπλιζον,
368 1129 414 1185 καί
439 1125 491 1185 όσα
515 1130 551 1201 μὴ
566 1128 690 1184 δδναιντο
716 1131 807 1203 φέρειν
833 1129 926 1186 τεκαὶ

166 1210 241 1288 άγειν
251 1216 380 1285 χρήματα
392 1213 437 1270 καί
462 1215 630 1286 βοσκήματα,
656 1215 689 1267 τά
701 1218 750 1286 μέν
762 1215 923 1288 ἐνεπίμπρα·

165 1319 225 1371 σαν,
252 1300 286 1352 τά
312 1298 339 1353 δέ
362 1301 555 1367 κατέσφαττον.
581 1296 757 1370 ἀπορουμένῳ
778 1297 807 1352 δέ
820 1299 857 1370 τῷ
873 1318 924 1353 τυ-

164 1384 258 1455 ράννῳ,
285 1382 345 1434 τίνα
361 1383 413 1453 χρὴ
430 1384 532 1453 τρόπον
558 1372 649 1446 αὐτοῖς
673 1385 804 1452 πολεμεῖν,
833 1382 923 1437 διάτδ

165 1460 223 1533 μήτ’
240 1469 268 1520 ἐκ
282 1468 331 1519 τοῦ
346 1467 465 1535 φανεροῦ
479 1469 525 1529 τάς
550 1467 721 1537 ἐπιχειρήσεις
746 1462 843 1530 αδεοδς
856 1487 921 1522 ποι-

165 1551 259 1604 εἶσθαι
267 1590 274 1614 ,
299 1545 359 1619 μήτ’
372 1554 400 1604 ἐν
413 1551 470 1611 τοῖς
483 1544 577 1612 αὐτοῖς
596 1549 725 1619 χρονίζειν
738 1553 839 1616 τόποις,
855 1548 923 1607 άλλά

166 1632 238 1689 νυκτί
251 1633 300 1705 μέν
316 1629 351 1699 εἷς
376 1631 490 1708 ὄρθρον,
515 1629 598 1707 ἡμέρᾳ
620 1633 647 1687 δέ
666 1631 701 1696 εἷς
720 1635 804 1689 νόκτα
823 1655 923 1708 συμμε·

165 1721 290 1788 τρεῖσθαι
311 1720 357 1780 τοὶς
381 1717 504 1787 ἐφόδους,
529 1715 574 1772 καί
593 1719 720 1781 πολλάκις
733 1715 922 1774 όποστείλαντε

164 1802 226 1864 τοδς
239 1802 401 1875 στρατιώτας
424 1800 468 1856 έπλ
493 1801 541 1869 τὴν
563 1801 699 1873 βοήθειαν
709 1806 755 1870 τῆς
775 1802 862 1878 χώρας
875 1803 921 1858 διά

165 1890 249 1955 κενῆς,
277 1884 454 1958 παραγίνεταί
467 1905 505 1948 τις
518 1889 545 1949 ἐξ
557 1881 654 1952 αὐτῶν,
673 1881 815 1959 ᾐκισμένος
827 1889 857 1944 τό
871 1888 922 1943 σά-

162 1992 200 2043 μα
212 1972 343 2042 μάστιξιν,
366 1967 523 2033 άποοταλείς
537 1968 590 2026 δπό
611 1972 661 2025 τῶν
674 1971 804 2044 φυγάδων
817 1971 850 2037 ὡς
874 1967 923 2026 αδ·

162 2059 291 2127 τόμολος·
323 2049 353 2119 ός
370 2049 463 2109 άδειαν
477 2050 660 2125 αἰτησάμενος,
689 2053 816 2123 ὑπέσχετο
830 2057 864 2128 τῷ
877 2078 923 2111 τυ-

162 2143 258 2212 ράννῳ,
286 2139 512 2213 παραλαβώντὴν
537 2135 790 2218 άποσταλησομένην
808 2138 922 2194 αδναδ·

162 2224 198 2295 τῷ
212 2223 341 2295 δύναμιν,
368 2218 437 2284 όξειν
450 2221 495 2278 ίπλ
508 2224 554 2278 τόν
567 2224 665 2292 τόπον,
691 2226 719 2278 έν
731 2219 752 2294 ᾡ
764 2222 811 2290 τήν
828 2226 921 2279 ίπιοῑι·

163 2328 212 2362 σαν
224 2307 331 2378 ἔμελλον
357 2301 516 2373 αὖλίζεσθαι
539 2302 663 2361 νδκταολ
683 2304 809 2379 φυγάδες.
842 2294 921 2379 ᾧπε-

163 2393 272 2444 στεῖισαι
286 2389 437 2462 παραχθείς
450 2390 466 2446 ό
479 2388 606 2462 τύραννος
618 2385 740 2444 αίτοέιντι
752 2384 844 2456 οδθέν,
872 2391 919 2448 καί

161 2474 191 2528 τό
204 2477 302 2528 ἑαυτοῦ
316 2477 393 2544 σῶμα
413 2470 516 2545 ὅμηρον
535 2475 712 2548 παρεχομένῳ,
739 2475 837 2543 πέμπει
857 2475 919 2540 τοδς

144 2558 335 2636 πιστοτάτους
350 2559 402 2614 τεόν
414 2555 561 2634 ἡγεμόνων,
584 2552 699 2630 όγοντας
713 2553 802 2623 έππεῒς
816 2580 843 2616 τε
856 2562 918 2615 πολ-

128 2632 194 2695 ἰοιίς
203 2638 261 2693 καί
272 2642 326 2699 τόν
336 2647 537 2722 μισθοφόρον
551 2642 685 2718 δέινσμιν,
713 2634 762 2721 αλςΙ
772 2637 932 2708 ἐνετείλατο,
