1928 2954
129 193 132 198 '
154 182 206 237 258
273 174 794 256 D10NY51111AL10ARMSSEN815

152 286 276 337 πλεῖστον
292 283 342 334 τῶν
355 272 422 334 καθ’
439 275 543 346 ἠλικίαν
562 281 718 351 δυνάμενος.
746 280 762 336 ό
780 280 806 336 δέ
822 281 915 355 δῆμος,

152 371 179 420 ἐκ
196 368 246 420 τῶν
260 365 446 437 πρεσβυτέρων
466 361 552 417 τεκαὶ
568 366 619 418 τῶν
632 367 727 436 πεῖραν
738 360 788 432 ἤδη
803 365 916 420 δεδωκό·

155 470 205 503 των
220 450 265 515 τῆς
284 445 423 508 ἐπιεικείας
442 447 505 510 τούς
523 452 756 518 προνοησομένους
775 449 824 503 τοῦ
838 447 917 521 κοινῇ
960 450 962 459 ’

155 534 339 603 συμφέροντος
361 527 513 599 ὀνομάζων,
536 525 612 596 ἠξίου
628 534 715 585 ποιεῖν
729 529 858 595 ὑπάτους.
887 530 918 584 αῖ

153 612 173 668 τ’
195 612 275 687 ἀρχαὶ
302 612 490 678 διειστήκεσαν,
518 610 563 666 καῖ
588 607 635 676 τάς
659 609 777 680 ἀλλήλων
803 611 916 668 ἀνέλυον

153 698 280 761 ἐξουσίας.
308 695 387 750 ὁπότε
400 694 447 765 μέν
460 695 513 767 γάρ
528 692 555 748 οἱ
568 690 668 750 ὕπατοι
683 699 788 750 καλοῖεν
802 699 833 751 τό
848 698 914 764 πλῆ-

152 786 214 845 θος,
242 777 275 842 ὧς
301 775 484 839 ἀποδείξοντες
511 779 573 840 τοὺς
596 779 734 849 μετιόντας
757 781 805 846 τήν
830 777 915 852 ἀρχὴν

154 863 286 927 ὑπάτους,
319 860 346 915 οἱ
373 859 503 933 δήμαρχοι
529 862 578 914 τοῦ
598 861 707 915 κωλόειν
724 861 796 926 ὄντες
815 863 912 934 κόριον,

154 946 257 1002 διέλυον
276 946 309 999 τά
329 939 497 1017 ἀρχαιρέσια·
526 943 605 998 ὁπότε
625 941 657 998 δ’
675 932 712 999 αδ
725 947 805 1000 πάλιν
817 949 914 1001 ἐκεῖνον

153 1033 259 1083 καλοῖεν
272 1025 305 1089 οῖς
318 1023 557 1100 ἀρχαιρεσιάσοντα
570 1031 617 1082 τόν
629 1027 723 1099 δῆμον,
748 1024 798 1082 οὗκ
811 1031 914 1104 ἐπέτρε·

153 1135 206 1168 πον
220 1111 247 1167 οῖ
260 1107 368 1174 ὕπατοι,
396 1111 443 1175 τὴν
458 1112 580 1173 ἐξουσίαν
594 1110 694 1179 ἔχοντες
708 1114 756 1165 τοίι
771 1117 914 1185 συγκαλεῖν

153 1198 214 1260 τοὺς
228 1198 328 1264 λόχους,
358 1192 403 1247 καῖ
416 1193 462 1256 τοῖς
476 1194 584 1266 ψήφους
598 1192 767 1249 ἀναδιδόναι.
793 1216 911 1268 κατηγο,

153 1276 242 1354 ρίαιά
271 1275 387 1344 ἀλλήλων
405 1277 535 1347 ἐγίνοντο,
563 1277 609 1332 καῖ
635 1281 752 1345 συνεχεῖς
765 1277 915 1349 ἁψιμαχίαι

154 1359 219 1418 καθ’
233 1363 351 1432 ἑταιρίας
365 1361 561 1430 συνισταμένων
568 1402 580 1432 ,
609 1355 676 1416 ὥστε
690 1360 734 1416 καί
748 1364 850 1432 πληγάς
863 1360 915 1416 ἀλ-

154 1449 243 1513 ληλοις
269 1444 373 1499 διδόναι
401 1444 473 1506 τινάς
499 1437 648 1515 ὑπ’όργῆς,
676 1443 722 1498 καῖ
748 1440 781 1498 οά
806 1450 915 1514 μακράν

155 1528 282 1597 ἀποσχεῖν
301 1528 347 1593 τὴν
367 1529 461 1581 στάσιν
481 1528 532 1579 τῶν
552 1522 647 1581 ὅπλων.
676 1531 761 1581 ταῦτα
781 1533 915 1596 μαθοῦσα

155 1609 169 1679 ἡ
184 1613 277 1682 βουλό,
306 1611 390 1663 πολὺν
404 1612 510 1663 ἐσκόπει
520 1611 627 1680 χρόνον,
658 1604 673 1663 ὅ
687 1631 711 1663 τι
720 1611 847 1683 χρήσεται
861 1617 916 1673 τοῖς

156 1697 321 1765 πράγμασιν,
349 1687 409 1745 οίίτε
427 1693 582 1763 βιάσασθαι
603 1693 735 1763 δυναμένη
757 1697 803 1748 τόν
818 1694 912 1764 δῆμον,

156 1773 215 1833 οὔτ’
236 1772 301 1837 εἶξαι
327 1776 486 1844 βουλομένη.
522 1765 554 1841 ἦν
574 1775 605 1843 δὴ
623 1772 638 1841 η
658 1777 706 1844 μὲν
724 1777 915 1849 αὐθαδεστέρα

156 1861 258 1933 γνώμη,
286 1859 434 1930 δικτάτωρα
448 1861 559 1912 ἑλέσθαι
579 1861 629 1912 τοῖν
644 1856 816 1931 ἀρχαιρεσιῶν
831 1859 915 1924 ἕνεκα,

156 1942 187 2000 όν
200 1942 233 1998 ἀν
246 1939 361 2014 ἡγῶνται
375 1941 517 2012 κράτιστον
532 1936 612 1996 εἶναι·
631 1943 678 1996 τόν
693 1943 719 1995 δέ
733 1945 853 2015 λαβόντα
868 1947 916 2012 τήν

154 2028 285 2091 ἐξουσίαν,
316 2023 377 2084 τοὺς
391 2045 416 2076 τε
431 2025 590 2087 νοσοποιοὺς
606 2029 634 2079 ἐκ
648 2029 692 2092 τῆς
705 2030 803 2089 πόλεως
814 2031 914 2094 ἐξελεῖν,

156 2112 200 2168 καλ
214 2115 240 2165 εἴ
253 2131 275 2163 ιι
288 2104 437 2180 ἡμάρτηται
453 2110 510 2172 ταῖς
523 2110 650 2181 πρότερον
664 2105 767 2181 ἀρχαῖς,
795 2115 914 2179 ἐπανορ-

156 2197 319 2254 θώσασθαι,
346 2193 392 2245 τόν
412 2211 438 2244 τε
457 2193 560 2262 κόσμον
581 2193 629 2244 τοῖν
648 2194 856 2268 πολιτεύματος,
883 2189 915 2249 όν

156 2279 292 2347 βοδλειαν,
321 2276 569 2346 καταστησάμενον,
598 2272 713 2346 ἀνδράσι
738 2281 794 2340 τοῖς
818 2279 913 2351 κρατί-

157 2385 229 2424 στοις
243 2359 395 2415 ἀποδοῦναι
409 2362 455 2421 τοῖς
469 2357 558 2425 ἀρχάς.
582 2353 597 2426 ἡ
614 2357 629 2410 δ
635 2354 645 2375 ³
657 2356 842 2432 έπιεικεσόέρα,
870 2381 914 2431 με-

159 2447 309 2515 σοβασιλεῖς
322 2444 431 2496 ἑλέσθαι
443 2442 504 2504 τοῖς
518 2442 718 2511 πρεσβυτάτους
726 2463 750 2496 τε
763 2443 809 2498 καῖ
822 2464 917 2517 τιμιω-

157 2529 254 2589 τάτους
265 2521 378 2597 ἀνδρας,
403 2518 442 2590 οἷς
459 2525 575 2598 έπιμελές
593 2523 665 2578 έσται
683 2525 716 2579 τά
731 2527 790 2596 περὶ
801 2528 847 2590 τοῖς
864 2524 917 2597 ἀρ-

133 2612 203 2679 ἵάι,
227 2606 302 2673 ὅπως
316 2612 453 2689 κράτιστα
468 2611 643 2690 γενήσονται,
656 2611 865 2682 προνοηθῆναι,
879 2611 926 2660 που
