1928 2954
170 178 447 248 ANTIQVITATVM
467 178 601 230 ROMAN.
629 179 694 231 LIB.
713 181 761 232 xl.
813 187 865 244 189

102 353 142 402 M.
164 351 282 402 Genucio
301 359 330 400 et
354 348 381 399 0.
403 346 497 400 Curtio
515 365 582 398 οοεε.
601 351 738 400 contentio
757 351 787 400 de
806 355 865 403 iure

405 418 570 467 consulatus.

156 537 230 597 Llll.
250 541 372 614 Μάρκου
386 539 415 593 δέ
426 538 559 595 Γενυκίου
572 537 618 594 καί
631 538 720 595 Γοίίου
733 544 865 597 Κοῖντίσυ

100 628 148 694 την
162 622 245 699 ἄρχην
261 625 482 698 παρειληφότων,
510 621 541 678 σί
554 623 691 678 πολιτικαί
703 625 784 679 πόλιν
800 622 863 679 σίνί-

98 729 197 765 σταντο
212 706 350 781 διαφοραί,
366 710 418 762 τῶν
432 706 581 779 δημοτικῶν
599 705 756 773 ἀξιούντων,
777 703 865 766 ἅπασι

97 785 236 866 Ῥωμαίοις
266 796 362 856 ἐξεῖναι
385 794 432 861 τὴν
462 787 567 846 ὕπατον
594 789 678 863 ιίρχήν
704 793 864 864 λαμβάνειν·

97 879 224 948 τέωςγοίρ
250 875 278 931 σί
291 877 429 949 πατρίκιοι
455 877 536 945 μόνοι
557 872 688 947 μετῄεσαν
711 871 809 945 αὖτιξν,
837 883 865 934 ἐν

57 989 62 996 -
98 965 157 1025 ταῖς
170 959 299 1028 λοχίτισιν
312 961 463 1029 ἐκκλησίαις
476 957 715 1030 ἀποδεικνύμενοι·
740 963 824 1031 νόμον
839 984 864 1019 τι

97 1047 303 1119 συγγράψαντες
317 1043 384 1116 ὑπέρ
398 1046 449 1098 τῶν
465 1042 600 1099 ὑπατικῶν
615 1042 793 1118 σίρχαιρεσιῶν
807 1045 864 1102 εἶσ-

96 1133 192 1204 έφερον
217 1128 243 1183 ολ
273 1130 333 1183 τότε
361 1129 570 1200 δημαρχοῦντες,
598 1130 672 1191 έκτός
696 1130 756 1190 ἑνός
776 1129 864 1186 Γαίου

101 1213 248 1285 Φουρνίου,
275 1214 372 1274 πάντες
385 1211 413 1267 οῖ
426 1211 515 1267 λοιποί
530 1214 781 1284 συμφρονήσαντες,
802 1203 865 1287 {vc}

97 1298 143 1351 τόν
158 1298 243 1367 δῆμον
257 1297 401 1351 έποιοῖιντο
416 1295 511 1368 κύριον
531 1299 578 1364 τῆς
604 1295 770 1365 διαγνώσεως
796 1295 862 1352 καθ’

98 1380 143 1435 ἕνα
159 1377 271 1435 έκοιστον
285 1380 417 1443 ἐνιαυτὸν,
426 1382 476 1433 εἴτε
488 1381 647 1452 πατρικίους
661 1379 788 1450 βούλοιτο
798 1403 863 1453 μετ-

100 1467 167 1519 ιέναι
184 1465 233 1530 την
251 1461 396 1528 ὑπατείαν,
412 1465 462 1518 εἴτε
477 1462 646 1533 δημοτικοὺς.
674 1459 715 1534 ἐφ’
737 1457 776 1527 οἷς
791 1462 863 1535 ἠμα-

99 1549 215 1602 νοίκτουν
229 1546 317 1612 οἶτοῐι
336 1548 515 1619 βουλευτικοῦ
541 1550 691 1618 μετέχοντες
709 1549 860 1620 συνεδρίου,

98 1633 299 1702 καταλυομένην
327 1633 375 1697 την
396 1634 497 1686 ἑαυτῶν
512 1631 670 1686 δυναστείαν
684 1633 801 1704 ὁρῶντες,
817 1634 863 1688 καί

97 1719 187 1770 πιίντα
203 1715 343 1786 ὑπομένειν
367 1711 451 1786 ᾤοντο
467 1716 521 1770 δεῖν
535 1717 672 1790 πρότερον,
688 1713 704 1783 ἢ
720 1718 764 1770 τόν
779 1719 862 1789 νόμον

98 1801 191 1873 κόριον
217 1801 297 1855 ἐᾶσαι
320 1801 465 1872 γενέσθαι·
494 1797 575 1872 ὄργυι’
590 1822 614 1854 τε
628 1799 673 1854 καί
702 1803 860 1873 κατηγορίαι

96 1885 141 1939 καί
156 1881 323 1956 ιίντιπριίξεις
344 1886 464 1954 ἐγίνοντο
478 1888 601 1949 συνεχεῖς,
615 1888 642 1938 έν
661 1883 740 1947 ἰδίοις
753 1906 780 1939 τι
794 1891 860 1941 συλ-

96 1971 186 2041 λόγοις
198 1969 244 2024 καί
258 1971 327 2023 καταΙ
342 1971 388 2031 τιλς
415 1971 505 2032 λσινιὶς
518 1967 646 2023 ἁπάντων
663 1968 797 2031 συνόδους
811 1973 861 2023 τῶν

97 2053 258 2124 πατρικίων,
280 2053 347 2126 πρὸς
367 2048 488 2116 ἅπαντας
509 2051 725 2124 ἠλλοτριωμένου
740 2053 802 2115 τούς
817 2053 861 2119 δη-

96 2135 231 2207 μοτικούς,
259 2134 304 2188 καί
331 2137 405 2209 λόγοι
432 2136 528 2190 πολλοὶ
552 2138 601 2205 μέν
620 2135 697 2207 ἐντῷ
721 2136 861 2209 συνεδρίῳ,

97 2219 192 2276 πολλοὶ
207 2219 235 2274 δέ
249 2221 316 2273 κατιί
332 2221 378 2283 τοὶς
391 2220 542 2285 ἐκκλησίας,
563 2218 615 2273 ὑπό
630 2222 681 2273 τῶν
694 2222 861 2292 προϊσταμέ-

97 2327 148 2362 νων
175 2308 221 2372 τῆς
247 2301 455 2376 ιίριστοκρατίας
480 2305 641 2372 ἐλέχθησαν·
673 2307 859 2379 ἐπιεικέστεροι

96 2392 158 2460 ιιίν,
186 2388 239 2444 ὑπὸ
256 2389 305 2442 τῶν
320 2385 449 2459 οἰομένων
474 2386 571 2460 οἷμνοίρι
601 2389 649 2442 τοῦ
675 2390 859 2460 συμφέροντος

96 2473 260 2547 ἁμαρτάνειν
278 2474 339 2535 τοὺς
364 2472 539 2542 δημοτικοὺς·
568 2470 723 2543 τραχίιτερσι
750 2472 778 2527 δέ
805 2472 858 2528 ὑπό

96 2559 147 2612 τῶν
175 2558 335 2629 νομιζόντων
348 2561 375 2623 ἐξ
387 2559 531 2628 ἐπιβουλῆς
546 2554 591 2610 καί
604 2558 715 2628 φθόνου
729 2560 779 2611 τοῖν
794 2560 867 2623 πρὸς

91 2641 193 2701 αὖτοιίς
205 2646 234 2694 τό
247 2642 362 2714 πριίμμσι
382 2645 567 2718 συγκεῖσθαι.
