1928 2954
110 165 161 220 236
228 157 389 211 DIONYSII
406 154 747 209 HALICARNASSENSIS

111 259 146 328 είς
170 263 217 331 τήν
244 258 453 328 ἀποδειχθεῖσαν
471 254 585 333 ήμέραν,
612 261 818 331 συγκαλέσαντες
831 255 867 324 είς

110 346 250 414 ἐκκλησίαν
264 346 294 399 τό
313 347 431 412 πλῆθος,
450 343 484 396 τό
497 338 518 397 τ’
532 346 638 413 έμφανή
653 345 701 398 τοῦ
716 340 815 416 άνδρός
827 341 867 416 ίρ·

109 452 154 502 μα,
169 425 202 490 ὡς
214 422 255 482 ἐπ’
270 423 359 482 ούδενλ
378 425 483 499 χρηστή
495 427 632 499 γενόμενα,
648 419 800 500 διεξῄεσαν·
826 422 868 481 ὅτι

111 512 240 574 Λατίνοις
252 511 299 582 μέν
313 511 433 585 πρῶτον,
461 503 501 572 οἷς
513 505 614 582 άπέχρη
630 510 766 572 πολιτείας
779 513 869 578 κοινῆς

112 593 274 668 άξιωθήυαι,
286 595 355 667 μέγα
368 588 501 662 εὐτύχημα
515 587 687 665 ήχουμένοις,
705 590 785 647 εἶκαὶ
799 592 868 646 ταύ-

112 697 155 745 της
168 678 278 745 τύχοιεν,
298 673 331 731 ού
344 677 428 747 μόνον
447 669 481 743 ήν
500 670 584 748 Ιήτουν
597 672 778 731 ἰσοπολιτείαν
792 671 864 731 ύπα-

111 781 156 822 τος
170 756 204 815 ὣν
217 759 371 829 ἐχαρίσατο,
393 753 450 812 ἄλλ’
465 757 503 812 έτι
516 756 561 812 καί
575 762 626 814 τῶν
640 761 668 813 έκ
681 761 729 813 τού
749 761 868 831 πολέμου

111 840 248 914 λαφύρων,
268 844 314 894 έάν
328 841 403 908 κοινή
421 843 529 913 γένηται
547 842 686 915 στρατεία,
715 843 765 909 τήν
778 842 868 915 τρίτην

111 929 263 995 ἐψηφίσατο
279 924 424 980 δίδοσθαι·
441 922 530 978 ίπειτα
542 919 682 998 Ἕρνικας,
702 919 749 985 ούς
761 927 868 997 πολέμῳ

111 1008 283 1081 χειρωθέντας
308 1004 417 1081 ολγαπρῖν
436 1005 528 1081 ἕχρην,
548 1002 571 1060 τί
592 1008 630 1079 μή
650 1005 698 1062 καὶ
717 1011 763 1077 τής
780 1004 867 1062 αὐτῶν

109 1093 193 1163 χώρας
213 1088 351 1164 ἀφαιρέσει
370 1088 421 1145 τινί
440 1092 611 1161 ζημιωθεῖεν,
638 1093 733 1160 φίλους
744 1092 793 1161 μέν
807 1088 866 1146 άντλ

111 1172 234 1240 ὑπηκόων
247 1175 364 1242 ἐποίησε,
380 1174 490 1236 πολίτας
504 1173 532 1229 δέ
547 1170 607 1227 άντί
623 1171 764 1244 ύπστελῶν,
778 1177 827 1246 γῆς
840 1195 866 1230 τε

111 1257 155 1310 καί
167 1258 253 1329 λείας,
266 1253 298 1324 ήν
312 1259 358 1313 έάν
370 1260 398 1310 ἐκ
412 1258 511 1321 παντός
523 1257 690 1330 κτήσωνται,
711 1259 759 1324 τήν
775 1260 867 1330 ἑτέραν

110 1337 181 1401 ἔταξε
197 1341 343 1412 λαμβάνειν
363 1343 453 1412 τρίτην
475 1340 579 1412 μερίδα.
606 1336 671 1395 ὥστε
689 1343 865 1412 μεριζομένων

110 1421 144 1484 εἷς
158 1427 225 1495 τρεῖς
238 1425 349 1497 κλήρους
363 1426 413 1477 τῶν
427 1420 561 1494 λαφύρων,
583 1423 645 1485 τούς
663 1423 712 1493 μὲν
733 1422 866 1492 ὑπηκόους

110 1527 136 1558 τε
150 1507 194 1560 καί
207 1506 338 1575 ἐπήλυδας
351 1505 486 1578 διμοιρίας
504 1507 662 1578 λαμβάνειν,
685 1507 747 1568 τούς
769 1502 794 1558 δ’
818 1502 865 1560 αύ·

109 1593 226 1660 θιχενεῖς
239 1589 283 1643 καί
297 1585 429 1661 ήχεμόνας
443 1590 532 1660 τρίτην
551 1587 654 1661 μερίδα,
679 1593 707 1642 ἐκ
724 1587 751 1642 δέ
765 1588 866 1642 τούτου

110 1669 186 1725 δυοῖν
200 1673 249 1725 τῶν
269 1670 448 1726 ἀτοπωτάτων
468 1673 587 1745 θάτερον
605 1669 796 1726 έπεδὲίκνυσαν
817 1668 866 1726 αύ-

109 1757 164 1814 τοῖς
181 1756 400 1824 συμβησόμενον,
425 1755 471 1808 έάν
490 1774 560 1816 τινας
578 1755 682 1828 ἑτέρους
703 1753 747 1808 διά
767 1757 867 1817 πολλάς

110 1835 154 1889 καί
178 1838 294 1908 μεγάλας
320 1833 471 1910 εύερχεσίας
494 1840 658 1908 προέλωνται
689 1838 748 1900 ταῖς
771 1833 866 1895 αύταῖς

109 1923 221 1988 τιμῆσαι
243 1918 363 1991 δωρεαῖς,
389 1916 430 1983 αἷς
447 1921 584 1983 Λατίνους
601 1940 629 1973 τε
654 1919 867 1988 έτίμησαν,.καῖ

107 2001 170 2062 τούς
192 1998 261 2073 μηδ’
287 2001 378 2057 ὄτιούν
398 2000 509 2074 άχαθόυ
529 1999 753 2071 άπυδειξαμένους
772 1998 887 2078 ‘'Epa--

108 2106 162 2147 κας.
185 2085 249 2155 μιάς
266 2087 319 2159 γάρ
339 2087 561 2153 καταλειπομένης
578 2083 669 2148 αύτοῖς
686 2085 774 2157 τρίτης
794 2087 865 2160 μερί·

110 2165 188 2239 δος,ή“
202 2171 234 2220 τά
249 2164 331 2237 όμοια
346 2169 556 2238 ψηφισαμένους,
569 2167 652 2240 μηδὲν
665 2171 771 2232 ἑαυτοῖς
783 2189 866 2223 κατα·

107 2252 213 2320 λείψειν.

173 2329 330 2388 LXXVIII,
357 2335 431 2405 Πρός
445 2333 472 2387 δέ
484 2331 592 2392 τούτοις
606 2328 749 2404 διεξῄεσαν,
766 2329 806 2388 ὅτι
821 2333 864 2403 δη·

106 2418 200 2486 μεύσαι
214 2418 247 2468 τά
262 2417 338 2469 κοινά
350 2419 396 2484 τής
409 2417 508 2477 πόλεως
518 2416 719 2487 ἐπιβαλόμενος,
746 2411 808 2471 ούτε
820 2419 866 2486 τῆς

106 2498 203 2568 βουλῆς
225 2499 424 2570 ψηφισαμένης,
452 2492 514 2553 οὔτε
540 2497 575 2570 τῷ
593 2500 735 2570 συνυπάτῳ
755 2500 864 2570 δοκοῖεν,

88 2578 146 2649 βιζπ
154 2582 264 2652 κυρεῖν
277 2582 404 2657 ἐμέλλησε
418 2583 467 2642 τόν
480 2581 577 2658 νόμον,
592 2573 624 2647 ῖς
637 2577 669 2639 ού
683 2575 744 2636 καλέ
756 2579 789 2635 ἓν
801 2585 870 2634 τοῖι-
