1928 2954
111 189 162 241 200
227 181 385 232 DlONYSII
401 179 746 234 HALICARNASSENSIS

109 288 208 342 τιωτῶν
222 285 327 354 δεηθείς
340 286 493 360 συγγνῶναί
505 280 526 340 τ’
533 282 623 358 αὐτῶ,
650 288 695 342 καλ
708 284 815 341 έπειδιλν
831 287 873 340 αἴ-

110 369 175 425 ιιαδε
190 367 349 442 ιίφίκωνται,
375 371 573 442 μεμνημένους,
593 341 627 425 έιν
641 369 750 425 ἔπαθον
763 356 808 441 εδ,
824 373 873 424 τοί

110 455 199 525 μηθέν
216 451 268 509 ὑπὸ
285 456 336 508 τῶν
349 447 435 508 έίλλων
446 451 592 518 ολνὴκεστον
604 456 706 509 παθεῖν
720 473 873 526 συναγωνι-

112 539 176 601 στιίς
188 540 330 610 γενέσθαι·
354 534 400 591 καί
414 532 481 592 ἄλλα
498 537 584 593 πολλοὶ
603 535 647 591 καὶ
661 540 790 608 έπαγωγσί
810 536 874 591 δια-

111 621 231 690 λεχθείς,
257 621 513 692 παρασκευάζεσθαι
526 621 671 692 ἐκέλευσεν,
685 618 718 682 ὡς
731 620 764 692 τῇ
776 619 871 674 ἐπιοί-

111 725 145 777 ση
160 701 588 777 νυκτίἀναστρατοπεδεύσοντας.
638 739 642 747 ·
834 721 836 725 '

174 783 236 841 LV.
260 783 387 857 Ῥωμαῖοι
402 786 430 841 δέ
444 786 478 848 ὡς
491 787 605 856 ἔμαθον,
626 781 667 842 ὅτι
681 788 786 841 λέλυται
799 788 874 855 σφῶν

112 871 126 925 ὁ
139 870 277 934 κίνδυνος·
303 869 408 939 ἔφθασε
420 874 473 943 γάρ
490 873 542 925 τῶν
559 872 695 944 γυναικῶν
709 869 757 936 τὴν
771 889 872 942 παραυ

113 956 174 1008 σιάν
188 954 366 1026 προλαβοῦσα
386 949 403 1022 ἡ
421 954 512 1025 φὴμη·
540 955 589 1009 σὺν
603 954 688 1025 πολλῇ
699 952 774 1025 χαρᾷ
787 973 871 1008 κατα-

111 1038 231 1100 λιπόντες
245 1040 291 1102 τήν
311 1037 405 1100 πόλιν,
433 1035 587 1109 δθεονὶἶω,
614 1034 661 1091 καλ
681 1035 802 1103 ὑπήντων
816 1039 874 1100 ταῖς
901 1070 904 1075 ·

111 1120 244 1193 γυναιξίν,
271 1117 444 1190 ολσπασμοδς,
476 1119 521 1175 καί
548 1122 679 1185 παιᾶνας,
713 1118 759 1174 καί
775 1122 872 1184 πάντα,

113 1200 165 1259 ὅσα
187 1209 215 1259 έν
238 1205 360 1276 μεγσίλων
387 1202 516 1259 κινδύνων
534 1203 570 1267 εἷς
592 1201 725 1272 ἀδόκητον
749 1197 873 1272 εὖτυχίαν

112 1284 255 1361 ίίνθρωποι
274 1288 453 1352 καταστάντες
473 1288 623 1360 πράττουσί
642 1307 669 1342 τε
686 1287 732 1342 καλ
750 1287 875 1358 λέγουσιν

114 1369 278 1444 δπδχαρας,
305 1372 338 1426 τοί
359 1371 407 1441 μέν
426 1369 544 1445 αθρέοι,
573 1391 605 1425 τα
600 1370 649 1424 δε
663 1365 733 1426 καθ
752 1391 798 1425 ενα
812 1390 873 1424 εκα

113 1475 177 1509 οτον
191 1452 460 1525 anofittuvt'spsvotst
451 1455 551 1521 εκείνην
563 1456 612 1526 μὲν
625 1474 673 1508 ουν
687 1456 734 1521 τήν
748 1453 832 1508 νίαιτα
846 1458 874 1509 ἐν

113 1540 237 1601 θαλείαις
251 1559 277 1592 τε
297 1535 341 1592 καλ
362 1532 522 1602 εὐπαθείαις
538 1538 698 1594 διετέλεσαν·
727 1558 756 1610 τη
746 1537 801 1591 δέ
817 1540 874 1604 ἑξῆς

113 1616 198 1693 ημέρᾳ
218 1624 385 1689 συναχθεῖσα
407 1618 459 1675 έιπό
473 1623 524 1675 τῶν
545 1619 652 1676 ὑπάτων
671 1617 686 1689 η’
708 1621 793 1691 βουλὴ
813 1619 874 1694 περί

113 1705 161 1772 μὲν
175 1705 222 1758 τοίι
242 1704 373 1777 Μαρκίου
395 1704 503 1774 γνώμην
529 1702 698 1775 ἀπεδείξατο,
721 1702 756 1765 εἷς
770 1707 875 1776 ἑτέρους

114 1781 441 1860 ἄυαβσίλλεσθαι’καιρούς
454 1787 680 1861 ἐπιτηδειοτέρους
688 1789 735 1851 τιίς
749 1787 874 1854 δοθησο-

112 1865 271 1942 μέναςαῦτρῖ
285 1871 371 1943 τιμοίς·
399 1875 457 1934 ταῖς
471 1869 498 1924 δέ
510 1873 630 1944 γυναιξὶν
645 1871 754 1926 ἔπαινόν
767 1867 789 1924 τ’
804 1869 872 1925 αἶπο-

115 1953 247 2008 δεδδυθαι
270 1957 313 2022 τῆς
336 1956 507 2027 προθυμίας,
534 1957 617 2009 πολλαι
638 1954 754 2026 δημοσίᾳ
779 1953 873 2027 γραφῇ

112 2038 217 2107 μνήμην
236 2038 344 2092 οἴσοντα
357 2043 386 2092 ἐκ
412 2039 461 2091 τῶν
472 2040 664 2108 ἐπιγινομένων
677 2035 801 2101 αἰώνιον,
827 2034 873 2092 καί

112 2124 205 2192 γέρας,
234 2115 249 2174 ὅ
269 2142 292 2175 τι
313 2119 346 2174 ἂν
367 2117 461 2183 αὖταῒς
478 2120 628 2192 λαβούσαις
653 2117 763 2188 ἥδιστόν
783 2120 873 2175 τεκαὶ

115 2203 274 2275 τιμιώτατον
288 2203 400 2259 ἔσεσθαι
413 2208 513 2275 μέλλει·
540 2205 585 2263 καί
600 2204 615 2258 δ
629 2205 713 2275 δῆμος
726 2203 874 2274 ἐπεκδρωσι

114 2291 214 2344 ταῦτα.
242 2291 299 2351 ταῖς
317 2286 345 2342 δέ
367 2286 471 2360 γυναιξὶ
498 2289 723 2359 βουλευσαμέναις
741 2285 873 2354 εἰσῆλθεν,

111 2372 311 2440 ἐπιφθόνου
279 2392 327 2443 μεν
341 2371 437 2441 δωρεας
449 2371 578 2439 μηδεμιᾶς
593 2371 717 2442 δεῖσθαι,
745 2369 837 2426 αὲισῦν
851 2365 873 2424 δ’

111 2456 252 2526 ἐπιτρέψαι
277 2455 355 2524 σφίσι
380 2456 427 2522 τὴν
444 2456 578 2554 βουλήν
565 2454 609 2509 εντλ
638 2455 717 2524 τίνχης
740 2456 874 2527 γυναικῶν

105 2534 304 2605 ἱδρύσασθαι
293 2538 380 2614 ιερδν,
408 2541 437 2593 έν
450 2525 470 2612 ᾧ
484 2539 531 2602 τιίς
545 2539 604 2613 περὶ
619 2543 662 2608 τῆς
674 2541 795 2601 πόλεως’
784 2538 873 2602 ενιοιὴ·

89 2636 157 2671 συν
150 2638 179 2673 o
196 2622 277 2688 λιτιίς
290 2624 395 2702 χωρίῳ,
430 2594 533 2692 θέισίας
557 2645 586 2680 τι
610 2618 671 2679 καθ
695 2619 810 2674 {mum
822 2619 889 2679 ‘sm
