1928 2954
167 173 216 229 124
284 167 441 220 DIONYSII
457 164 799 220 HALICARNASSENSIS

167 272 403 348 ,πίναγκαιοτυίιωκ
416 274 475 328 τινοί
489 292 532 328 σοι
553 271 636 342 φίλων
649 274 771 328 κέλευσον
784 272 875 326 ἐλθεῖν
889 268 923 335 ὗς

167 358 246 423 ,,τοὺς
265 357 396 422 ὑπιίτους,
419 356 465 413 καί
484 351 517 412 ὑί
532 353 791 430 τίπορῤῆιτικιίπεῖν,
806 349 850 409 όιι
861 356 922 427 μέλ·

167 445 279 508 ,λουσιν
298 444 473 499 ἐπιτίθεσθαι
486 460 518 514 τη
507 441 606 495 ’πόλει
623 435 790 495 Οῧολοὺσκοι
809 436 923 543 νὺκτοιρ,

166 548 231 590 „um
221 524 288 581 ἐπι
312 529 391 581 τοῦτο
416 519 514 594 ἥκουσι
539 522 604 579 τό
589 522 790 597 εργονιίθρόοι.
817 509 847 576 εὑ
869 524 924 597 γυίρ

169 608 288 674 „tumst
271 631 310 673 ως,
326 607 348 663 εί
360 612 442 664 τοὺιο
460 606 613 673 ἀκούσειαν,
627 603 735 662 οὑὺέν”
721 627 756 662 ιιι
769 605 926 662 ἐνὺοιιίοαν-

167 713 228 757 ,,τες
240 691 425 765 ἐκβαλοῦσιν(
414 692 482 765 υμᾶς
500 695 567 747 ἐκ
536 711 582 758 της
600 694 707 758 πόλεως,
733 711 780 746 και
770 690 923 765 παρέξον·
957 690 962 711 “·

168 797 229 841 ,,σιν
242 774 367 847 οἷφορμῆν
382 776 486 839 ὑικαίας
504 775 613 851 ὄργῆς.“

229 856 278 915 III.
297 858 345 925 Ὡς
359 856 388 916 θ’
409 855 507 928 ἥκουσι
520 862 606 915 ταὺια
625 859 641 915 ό
658 860 770 926 Τύλλος,
786 858 925 932 ὑπερηγοί-
956 806 962 899 ί

167 946 222 1011 οθη
237 962 272 1009 τι,
286 946 332 1000 καί
345 945 392 999 τόν
406 945 528 1017 παρόντα
543 944 637 1018 καιρόν
651 947 696 1012 τῆς
708 945 846 1014 στρατείας
858 939 924 996 τίνα-
960 932 962 979 ¹

76 1020 82 1031 ’
167 1027 322 1099 βαλόμενος,
344 1028 404 1102 περὶ
417 1029 465 1095 τῆν
478 1028 649 1104 ποραοκιοῆν
661 1027 761 1102 ἐγίνετο
781 1031 830 1082 τοὺ
841 1027 923 1081 πολί-

167 1129 230 1183 μου.
249 1111 304 1167 ἐπεί
319 1111 346 1167 ὑί
360 1115 479 1180 καθῆκεν
491 1112 507 1168 ό
521 1117 565 1180 τῆς
578 1115 669 1186 έορτῆς
681 1112 784 1184 καιρός,
808 1107 923 1166 Ἰουλίου

169 1216 196 1250 τι
209 1194 253 1252 καί
273 1198 410 1268 Πιναρίου
428 1198 475 1265 τῆν
496 1194 624 1252 ὑπατείαν
642 1191 693 1264 ῆόη
712 1196 922 1267 παρειληφότων,

169 1276 326 1352 ῆκρατίοτη
340 1282 390 1335 ιῶν
408 1276 583 1335 Οὑολοὺσκοιν
603 1281 693 1348 νεότης
711 1283 736 1339 ἐξ
755 1277 863 1344 ἁπάσης
875 1279 923 1334 τιό-

169 1367 242 1430 lewe,
262 1361 323 1425 (5ςό
341 1364 441 1428 Τίλλος
452 1362 540 1437 ἠξίου,
567 1366 654 1437 παρῆν
666 1362 709 1418 ἐπί
728 1366 776 1431 τῆν
789 1365 840 1416 τῶν
853 1358 920 1434 οίγόι-

169 1467 219 1502 νων
232 1449 318 1504 θέαν·
341 1448 385 1503 καί
409 1450 587 1517 κατεσκήνουν
600 1446 628 1502 σί
642 1447 746 1510 πλείους
758 1451 786 1500 ἐν
799 1444 881 1517 ἱεροῖς
895 1464 922 1500 τε

169 1530 213 1586 καί
228 1532 364 1602 δημοσίοις
379 1533 477 1594 τόποις,
501 1528 549 1586 οὑκ
562 1531 662 1598 ἔχοντες
675 1532 831 1604 καταγωγῆς
843 1533 872 1584 ἐν
884 1525 924 1583 οί·

170 1614 238 1681 κίαις
251 1636 276 1670 τε
290 1615 336 1670 καί
349 1619 421 1688 πυροί
434 1617 527 1679 ξένοις·
553 1614 598 1670 καί
611 1614 692 1670 ὁπότε
706 1614 751 1670 ὑιοί
765 1617 816 1668 τῶν
830 1633 924 1669 σιενω·

168 1702 224 1753 ιιῶν
250 1700 421 1771 πορεύοιντο,
448 1700 516 1753 κατὰ
548 1701 704 1771 συσιροφιίς
734 1696 780 1751 καί
807 1698 924 1769 ἑταιρίας

170 1778 271 1855 ιίθρόοι
298 1779 444 1856 διεξῄεσαν·
471 1778 535 1837 ὥστε
562 1782 607 1838 καί
626 1786 706 1854 λόγον
720 1778 770 1850 ῆόη
795 1782 923 1854 γίνεσθαι

169 1865 227 1937 περί
241 1862 329 1921 αὑτῶν
342 1866 395 1920 ιίνιί
408 1867 454 1936 τῆν
473 1867 563 1931 πόλιν,
585 1867 630 1922 καί
652 1865 771 1938 ὑποψίας
795 1863 922 1930 οἶτόπουςζ

168 1952 196 2004 ἐν
209 1949 237 2004 όέ
251 1950 336 2022 τοὺτῳ
349 1951 520 2024 προσέρχεται
533 1953 588 2013 τοῖς
604 1949 714 2013 ὑπάτοις
727 1951 743 2005 ό
756 1969 923 2006 καταοκευα·

167 2033 244 2097 οθείς
258 2032 309 2088 ὑπό
322 2037 371 2088 τοὺ
393 2035 496 2090 Τέλλου
510 2035 641 2104 μηνυιῆς,
668 2033 701 2097 ὡς
715 2035 843 2107 Μοίρκιος
856 2032 921 2091 ὑπέ-

166 2123 247 2174 θετο·
265 2117 310 2172 καί
324 2116 357 2182 ὡς
370 2118 401 2189 dr}
416 2117 569 2193 ἇπόρρηιοκ
583 2120 677 2192 πρᾶξιν
689 2120 758 2172 κατοί
772 2120 821 2172 τῶν
834 2116 920 2173 αὑτοῦ

166 2205 250 2274 φίλων
262 2206 371 2275 ἐχθροῖς
383 2206 482 2305 μέλλων
494 2205 623 2277 ἐκφέρειν,
643 2199 733 2274 ὅρκοις
746 2202 922 2272 καταλαμβοί·

166 2308 238 2342 mm
264 2288 325 2348 ιοὺς
352 2286 468 2352 ὑπάτους
494 2283 559 2361 ὑπὲρ
584 2279 768 2357 υίσφαλιίαςτ’
782 2281 921 2354 αὑτόςτῆς

165 2370 264 2435 αὑτοῦ,
279 2395 323 2427 και
314 2371 499 2444 τουμηόενα
515 2368 690 2426 Ουολουσκων
703 2372 819 2440 μαθειν
846 2389 920 2434 οοτις

165 2441 197 2519 ῆν
210 2455 225 2509 ό
238 2458 286 2522 τῆν
297 2458 411 2527 μῆνυσιν
424 2451 481 2511 κατ’
498 2450 586 2509 αὑιῶν
588 2455 791 2557 πεποιημένος·
816 2451 862 2507 καί
874 2473 919 2524 με·

165 2539 198 2590 ια’
211 2541 290 2595 τοὺτο
303 2544 419 2615 ἐπιφέρει
438 2540 485 2608 τῆν
498 2537 558 2612 περί
572 2541 616 2606 τῆς
629 2540 817 2600 ἐπεθέσειος”
785 2558 830 2604 της
844 2556 920 2593 κατι·

150 2626 306 2696 ίίὲῑᾟὲνης
317 2626 450 2704 μήνυσιν.
479 2623 564 2683 ἐδόκει
590 2644 649 2688 τοις
665 2618 793 2692 ὑνὺρέκοιυ
822 2616 928 2686 'dmm
