1928 2954
138 183 190 239 290
223 174 411 228 EXCERPTA
425 174 474 226 EX
489 173 651 225 DIONYSII
670 173 862 229 HALICARN.

139 285 206 356 πρός
229 282 328 339 ἑαυτόν
352 279 475 349 ἔχοντας,
496 280 532 343 είς
552 299 579 333 τε
599 280 646 343 τάς
673 281 764 347 πόλεις
788 282 912 356 φρουράς

139 367 238 442 είσήγε,
253 368 391 442 πρόφασιν
405 362 567 435 ποιούμενος
579 365 627 418 τόν
641 359 697 418 ἀπό
712 365 911 438 Καρχηδονίων

139 455 269 525 πόλεμον,
290 449 335 506 καί
356 449 418 512 τοδς
437 449 668 518 ἐπιφανεστάτους
688 442 791 522 ἀνδρας
804 453 832 514 ἐξ
844 452 909 506 ίκό·

139 559 204 606 στης
222 536 321 598 πόλεως
345 533 542 605 συλλαμβάνων
566 528 734 606 ἀπέκτεινεν,
761 535 910 606 ἐπιβουλάς

140 619 185 676 καί
211 619 359 694 προδοσίας
383 616 523 692 εὑρηκέναι
547 618 729 689 ψευσάμενος,
758 621 787 674 ἐν
809 610 911 682 οἷςιιαί

143 702 282 761 θοίνωνό
306 702 456 775 φύλαρχος,
484 685 514 764 ός
541 698 593 756 ὑπὸ
620 701 728 756 πάντων
752 700 911 777 άμολόγητο

140 792 265 858 πλείστην
278 785 401 853 σπουδήν
415 784 462 841 καὶ
476 784 638 859 προθυμίαν
651 787 689 849 είς
701 807 729 842 τε
742 788 791 857 τήν
807 787 910 860 διάβα-

140 893 184 928 σιν
198 868 270 943 αδτῷ
297 871 342 927 καὶ
355 872 404 940 τήν
422 870 583 943 παράληψιν
602 871 649 937 τής
674 871 761 939 νήσου
775 875 912 945 παρεσχή-

140 962 226 1012 σθαι·
255 954 301 1010 καί
326 956 381 1028 γάρ
397 953 549 1022 ὑπήντησεν
560 947 635 1026 αάτρῖ
661 955 791 1010 ναυτικόν
816 958 912 1012 στόλον

139 1035 220 1112 άγων,
238 1037 283 1094 καί
298 1040 347 1107 τήν
362 1044 389 1092 ἐν
404 1040 462 1101 ταῖς
483 1035 676 1112 Συρακοίισυις
697 1042 803 1109 Νῆσον,
818 1035 852 1109 ἢν
865 1035 912 1096 αὖ·

139 1129 185 1188 τός
208 1124 324 1198 ἐκράτει,
354 1126 491 1198 παρέσχεν.
517 1124 686 1196 ἐπιχειρήσας
712 1123 741 1179 δὲ
761 1122 807 1178 καί
827 1126 910 1181 Σωσί·

142 1227 257 1283 στροτον
277 1208 434 1278 συλλαβεῖν,
466 1205 594 1280 διήμαρτε
617 1209 664 1275 τής
676 1207 800 1276 ἐλπίδος,
816 1230 911 1284 προοι-

141 1295 282 1365 σθομένου
295 1293 343 1362 τήν
364 1291 512 1365 ἐπιβουλήν
527 1293 576 1347 τοῦ
597 1287 699 1363 ἀνδρὸς
711 1291 760 1348 κοιλ
775 1296 910 1368 φυγόντος

141 1381 170 1432 ἐκ
197 1380 241 1446 τής
267 1378 376 1439 πόλεως.
410 1375 564 1449 ἀρξαμένων
590 1375 619 1430 δι’
645 1379 836 1452 ταράττεσθαι
863 1381 911 1433 τῶν

144 1462 323 1534 πραγμάτων,
343 1456 417 1530 καλή
434 1462 482 1515 τῶν
495 1459 690 1535 Καρχηδονίων
716 1464 794 1526 πόλις
819 1465 910 1539 καιρὸν

142 1546 294 1612 ἐπιτήδειον
321 1542 457 1616 ελληφὲναι
488 1545 635 1616 νομίζουσα
668 1549 735 1620 πρὸς
762 1544 911 1616 ἀνάκτησιν

143 1633 193 1684 τῶν
214 1628 390 1685 ἀπολωλότων
414 1632 531 1703 χωρίων,
559 1632 688 1704 στρατιάν
701 1629 857 1688 ἀπέστειλεν
870 1631 913 1688 ἐπὶ

144 1736 191 1779 την
207 1735 288 1782 νησου
325 1732 329 1739 ·

188 1862 307 1926 Pyrrhus
318 1859 421 1926 fanum
440 1865 621 1930 Proserpinae
639 1864 737 1914 Locris
764 1864 871 1930 diripit.

210 1963 260 2024 [X.
275 1961 333 2021 Ὅτι
349 1965 539 2038 ἀμηχανοῦντα
555 1969 600 2022 τὸν
616 1968 737 2042 Πὺρῤον,
753 1969 799 2025 καί
815 1973 913 2046 πόρους

146 2050 337 2114 παντοδαποὺς
350 2053 524 2121 ἐπιζητοῦντα
532 2052 643 2127 ὁρῶντες
656 2049 775 2109 αὖτόνοὶ
791 2056 912 2109 κάκιστοι

72 2159 74 2163 ·
145 2134 190 2189 καί
204 2132 384 2190 ἀνοσιώτατοι
399 2137 450 2190 τῶν
476 2138 576 2207 φίλων,
601 2132 744 2212 Εὐήγορος
761 2138 909 2212 Θεοδώρου,

145 2218 339 2320 καὶΒάλακρος
353 2221 519 2294 Νικάνδρου,
534 2220 734 2294 κυλΔείναργσς
742 2225 854 2294 Νικίου,
863 2225 912 2277 τῶν

146 2299 238 2357 ἀθέων
262 2301 307 2357 καί
332 2306 475 2378 ἐξαγίστων
503 2305 644 2377 δογμάτων
668 2306 796 2375 ζηλωταὶ,
819 2308 910 2425 πόρον

147 2383 326 2441 ὑποτίθενται
337 2389 479 2461 χρημάτων
494 2386 619 2458 ἀνόσιον,
632 2391 694 2454 τοὺς
707 2389 794 2464 ἱεροὺς
809 2389 912 2453 ἀνοῖξαι

146 2472 191 2541 τῆς
218 2473 392 2579 Περρεφόνης
417 2474 583 2547 θησαυροὺς.
612 2463 645 2542 ήν
667 2477 722 2580 γάρ
744 2474 816 2546 ἱερὸν
841 2479 869 2530 ἐν
884 2473 913 2553 τή

144 2560 223 2620 πόλει
242 2557 329 2637 ταὺτη
350 2553 430 2636 ἅγιον
445 2582 491 2615 και
475 2557 585 2613 πολυν
598 2579 693 2656 ηρυσφκ
707 2562 737 2610 ἐκ
750 2561 853 2622 παντὸς
867 2559 911 2613 τοῦ

139 2657 251 2735 χρόνου
275 2650 498 2733 πεφυλαγμὲνον
525 2638 662 2700 ιλθικτου
660 2639 739 2703 'ew
761 2642 788 2687 ἶ*
794 2627 930 2703 “‘WW
