1928 2954
199 130 475 216 levrrA'TvM
493 146 628 199 ιιοιιΑα.
646 149 775 200 τιαυιι.
840 151 855 206 τ

94 250 273 325 δμολογοδσι·
294 251 440 316 Διονέισιος
453 252 481 307 δέ
492 251 508 307 ὅ
521 252 707 328 πρεσβύτερος,
729 249 854 328 ὄγδοηιιο·

94 334 148 409 em}
161 335 209 391 καῖ
222 339 332 410 πέμπτην
349 338 417 409 μιαί
431 337 515 391 ταῦτα
535 338 647 410 ε’νιαυτρῖ
660 337 858 411 Συρακουσίοις

95 423 261 485 ε’παναστιίς,
275 423 382 489 κατέσχε
399 421 448 487 τὴν
460 418 607 494 τυραννίδα
626 423 695 476 κατιί
709 422 756 475 τίν
768 420 857 491 τρίτον

93 505 263 558 ένιαυτδν”
233 524 278 571 της
296 506 484 572 έννενηκοστῆς
509 525 556 559 και
546 501 665 605 τρίτης
683 500 857 576 ὄλεμπιιίδος,

95 581 234 689 ἄρχοντος
233 582 361 660 Ἀθηνηοι
374 588 507 652 Καλλίου,
519 582 576 660 μετ’
590 582 742 657 Ἀντιγένην.
757 583 858 659 ὀλίγοις

94 670 148 739 μέν
161 657 213 724 οίιν
224 669 295 726 ἔτεσι
322 670 527 742 διαμαρτεῖν
493 691 545 725 των
567 672 672 744 χρόνον
686 668 745 738 δοίη
766 691 805 734 τις
825 691 859 723 αν

95 751 244 854 ἱστορικαῖς
257 749 428 828 ἄνδρέσιν’
409 754 524 829 αρχαίας
536 774 583 808 και
572 754 732 817 πολυετεῖς
745 773 858 808 σοντατ

94 839 217 906 τομένοις
240 837 440 912 πραγματείας·
453 840 570 940 γενεαῖς
590 837 618 892 δέ
632 835 751 894 δυσίν“
735 859 752 904 η
772 837 858 910 τρισίν
885 888 889 893 .

95 917 172 984 ὅλαις
185 919 417 992 ἀποπλανηθῆναι
436 942 481 990 της
494 919 633 989 ἀληθείας,
649 917 699 976 οὖν
712 918 745 979 ίίι
759 924 856 994 ίπιτρέι

96 1023 178 1077 ψειεν.
199 1000 291 1060 ἀλλ”
274 1005 388 1062 εοικινό
407 1007 510 1103 πρῶτος
525 1008 553 1060 έν
572 1008 632 1070 ταῖς
646 1006 858 1079 χρονογραφίαις

95 1089 179 1144 τοῦτο
191 1090 417 1164 καταχωρίσας,
403 1111 423 1143 οι
437 1090 534 1148 ποίντες
551 1086 746 1157 ἠκολούθησαν
760 1109 786 1142 οι
777 1087 855 1144 ’λοι

95 1169 156 1237 ποῖ,
171 1175 304 1229 τοσοῦτον
316 1173 402 1245 μόνον
420 1175 448 1227 ίν
466 1175 526 1236 ταῖς
543 1169 668 1245 ιίρχαίαις
692 1170 775 1274 είιρένν
793 1169 859 1226 ιίνα-

97 1259 225 1328 γραφαῖς,
240 1252 283 1311 ὅτι
298 1256 420 1330 πρέσβεις
433 1252 624 1324 οῖπεστοίλησαν
636 1252 681 1310 ἐπί
693 1254 794 1309 τοίντων
807 1258 858 1308 τῶν

96 1336 207 1394 ίιπσίτοιν
219 1337 255 1403 είς
266 1339 402 1405 Σικελίαν,
416 1343 492 1395 σῖτον
505 1334 682 1441 αἰγησδμενοι,
706 1337 753 1393 καί
766 1341 856 1413 παρῆ-

94 1443 146 1477 σαν
160 1419 312 1477 έκεῖθεν”
292 1444 411 1494 αγοντες,
431 1444 463 1478 ον
477 1444 491 1478 ο
506 1421 635 1494 τύραννος
648 1421 726 1477 έδοικε
741 1421 855 1497 δωρεοίν·

95 1502 186 1561 οέκέτι
197 1506 280 1579 μηδὲν
292 1509 366 1607 παριὶ
379 1509 429 1560 τῶν
439 1503 596 1610 Ἑλληνικῶν
608 1508 726 1568 ἐξετάσαι
740 1526 854 1579 συγγρα·

95 1594 180 1659 φέων,
206 1587 279 1653 ὅστις
292 1612 325 1657 ην
341 1590 468 1693 τίραννρς
482 1591 541 1644 τότε
555 1590 691 1653 Σικελίας,
720 1587 855 1659 οίθαοαιί-

96 1693 162 1735 στοις
176 1674 204 1730 δέ
217 1695 271 1736 ποις
284 1674 330 1728 καί
342 1694 409 1729 κατα
424 1694 453 1728 το
444 1674 619 1747 ’προστυχὸν
632 1677 761 1728 θεῖτ”αι
735 1694 781 1728 τον
791 1680 856 1727 Λιο-

96 1757 194 1812 Vt'ffltov.

160 1840 195 1896 ΙΙ.
222 1841 256 1896 Οἱ
267 1843 317 1914 μὲν
331 1831 380 1895 οὖν
397 1837 445 1895 έπί
454 1841 578 1895 Σικελίαν
592 1842 713 1902 πλέοντες
727 1840 854 1911 πρέσβεις,

92 1927 200 1994 χειμῶνι
210 1927 374 1999 χρησάμενοι
394 1926 462 1978 κατιί
475 1926 626 1989 θιέλατταν,
646 1923 689 1977 καί
704 1923 788 1992 κὺκλιιι
809 1923 857 1988 τήν

94 2011 176 2076 νῆσον
194 2012 331 2081 περιπλεῖν
358 2005 588 2080 ἀναγκασθέντες,
611 2007 718 2078 χρόνιοί
736 2025 761 2057 τε
776 2024 856 2070 κατη-

93 2098 204 2159 νθησαν
218 2094 285 2165 πρὸς
298 2093 345 2146 τὸν
363 2091 512 2195 τίιραννρν,
520 2091 566 2146 καί
581 2111 629 2157 την
640 2106 790 2161 γειμερινην
803 2089 855 2141 ἐκεῖ

95 2171 319 2249 διατριψαντες
299 2194 377 2250 οιραν
406 2197 471 2245 μετα
485 2197 515 2229 το
543 2176 625 2246 θέρος
651 2165 844 2237 έπανηλθον
822 2188 857 2230 εις

96 2261 222 2324 Ιταλίαν,
248 2262 347 2323 πολλαὶς
373 2260 524 2330 κομίζοντες
543 2256 651 2329 οἷγοροίς·
677 2247 751 2308 οἶδ’
772 2248 808 2314 εἷς
827 2270 856 2304 ῖῦ

96 2347 267 2414 Πωμεντῖνον
281 2340 475 2406 οίιτοσταλέυτες
489 2341 589 2403 πεδίον,
611 2335 705 2408 ὀλίγου
717 2337 765 2406 μέν
781 2333 857 2399 ἐδέη-

93 2447 145 2482 σαν
158 2425 192 2490 ὡς
205 2426 375 2483 κατοίσκοτοι
395 2427 462 2499 πρὸς
486 2427 536 2480 τῶν
552 2418 731 2480 Οὔολοίισκων
751 2415 857 2487 ἀναιρε-

94 2514 190 2580 θῆναι,
211 2511 403 2582 διαβληθέντες
417 2508 470 2565 έιπὸ
484 2511 535 2564 τοῖν
546 2511 575 2564 εἰι
592 2501 694 2580 Ῥώμης
714 2498 861 2582 φυγάδων·

87 2597 204 2655 χαλεπαῖς
218 2593 252 2642 δι’
268 2594 344 2642 παίνν
366 2592 415 2644 δαί
440 2593 490 2660 την
515 2595 689 2673 προθυμίαν
705 2599 761 2657 τῶν
790 2591 871 2654 ίδίοιι
