<?xml version="1.0" encoding="UTF-8"?>
<!DOCTYPE html PUBLIC "-//W3C//DTD XHTML 1.0 Transitional//EN"
    "http://www.w3.org/TR/xhtml1/DTD/xhtml1-transitional.dtd">
<html xmlns="http://www.w3.org/1999/xhtml" xml:lang="en" lang="en">
 <head>
  <title>
</title>
<meta http-equiv="Content-Type" content="text/html;charset=utf-8" />
  <meta name='ocr-system' content='tesseract 3.04.00' />
  <meta name='ocr-capabilities' content='ocr_page ocr_carea ocr_par ocr_line ocrx_word'/>
</head>
<body>
  <div class='ocr_page' id='page_1' title='image "./operaomnia01diongoog_0090.png"; bbox 0 0 1928 2954; ppageno 0'>
   <div class='ocr_carea' id='block_1_1' title="bbox 127 207 767 271">
    <p class='ocr_par' dir='ltr' id='par_1_1' title="bbox 127 207 767 271">
     <span class='ocr_line' id='line_1_1' title="bbox 127 207 767 271; baseline 0.002 -11"><span class='ocrx_word' id='word_1_1' title='bbox 127 214 162 271; x_wconf 78' lang='lat'><strong><em>82</em></strong></span> <span class='ocrx_word' id='word_1_2' title='bbox 242 209 400 261; x_wconf 84' lang='lat' dir='ltr'><strong>DIONYSII</strong></span> <span class='ocrx_word' id='word_1_3' title='bbox 424 207 767 261; x_wconf 81' lang='lat' dir='ltr'><strong>HALICARNASSENSIS</strong></span> 
     </span>
    </p>
   </div>
   <div class='ocr_carea' id='block_1_2' title="bbox 84 308 898 2758">
    <p class='ocr_par' dir='ltr' id='par_1_2' title="bbox 84 308 898 2758">
     <span class='ocr_line' id='line_1_2' title="bbox 127 308 882 391; baseline 0 -20"><span class='ocrx_word' id='word_1_4' title='bbox 127 315 285 391; x_wconf 72' lang='grc' dir='ltr'><strong><em>φροντίδος,</em></strong></span> <span class='ocrx_word' id='word_1_5' title='bbox 308 317 435 389; x_wconf 79' lang='grc' dir='ltr'><strong><em>ἐπιτιμῶν</em></strong></span> <span class='ocrx_word' id='word_1_6' title='bbox 457 315 506 386; x_wconf 84' lang='grc' dir='ltr'><strong><em>μέν</em></strong></span> <span class='ocrx_word' id='word_1_7' title='bbox 531 318 586 378; x_wconf 81' lang='grc' dir='ltr'><strong><em>τοῖς</em></strong></span> <span class='ocrx_word' id='word_1_8' title='bbox 602 310 652 371; x_wconf 87' lang='grc' dir='ltr'><strong><em>ούκ</em></strong></span> <span class='ocrx_word' id='word_1_9' title='bbox 664 308 728 372; x_wconf 76' lang='grc' dir='ltr'><strong><em>ἐῶσιΙ</em></strong></span> <span class='ocrx_word' id='word_1_10' title='bbox 737 315 802 388; x_wconf 88' lang='grc' dir='ltr'><strong><em>μίαν</em></strong></span> <span class='ocrx_word' id='word_1_11' title='bbox 815 310 882 371; x_wconf 77' lang='grc' dir='ltr'><strong><em>εἶναι</em></strong></span> 
     </span>
     <span class='ocr_line' id='line_1_3' title="bbox 127 397 884 475; baseline -0.003 -21"><span class='ocrx_word' id='word_1_12' title='bbox 127 402 173 468; x_wconf 70' lang='grc' dir='ltr'><strong><em>τήν</em></strong></span> <span class='ocrx_word' id='word_1_13' title='bbox 188 403 278 466; x_wconf 84' lang='grc' dir='ltr'><strong><em>πόλιν,</em></strong></span> <span class='ocrx_word' id='word_1_14' title='bbox 307 399 375 457; x_wconf 87' lang='grc' dir='ltr'><strong><em>άλλά</em></strong></span> <span class='ocrx_word' id='word_1_15' title='bbox 395 399 533 475; x_wconf 81' lang='grc' dir='ltr'><strong><em>ύιαιρούσι</em></strong></span> <span class='ocrx_word' id='word_1_16' title='bbox 552 400 583 453; x_wconf 86' lang='grc' dir='ltr'><strong><em>τὸ</em></strong></span> <span class='ocrx_word' id='word_1_17' title='bbox 604 399 749 472; x_wconf 76' lang='grc' dir='ltr'><strong><em>δημοτικὸν</em></strong></span> <span class='ocrx_word' id='word_1_18' title='bbox 764 397 819 456; x_wconf 82' lang='grc' dir='ltr'><strong><em>άπό</em></strong></span> <span class='ocrx_word' id='word_1_19' title='bbox 832 403 884 455; x_wconf 80' lang='grc' dir='ltr'><strong><em>τῶν</em></strong></span> 
     </span>
     <span class='ocr_line' id='line_1_4' title="bbox 126 482 882 558; baseline 0 -20"><span class='ocrx_word' id='word_1_20' title='bbox 126 485 286 558; x_wconf 81' lang='grc' dir='ltr'><strong><em>πατρικίων,</em></strong></span> <span class='ocrx_word' id='word_1_21' title='bbox 315 484 360 539; x_wconf 90' lang='grc' dir='ltr'><strong><em>καί</em></strong></span> <span class='ocrx_word' id='word_1_22' title='bbox 387 482 432 539; x_wconf 80' lang='grc' dir='ltr'><strong><em>διά</em></strong></span> <span class='ocrx_word' id='word_1_23' title='bbox 458 485 552 556; x_wconf 91' lang='grc' dir='ltr'><strong><em>μικράς</em></strong></span> <span class='ocrx_word' id='word_1_24' title='bbox 577 486 725 557; x_wconf 77' lang='grc' dir='ltr'><strong><em>προφάσεις</em></strong></span> <span class='ocrx_word' id='word_1_25' title='bbox 750 487 882 555; x_wconf 77' lang='grc' dir='ltr'><strong><em>πολέμους</em></strong></span> 
     </span>
     <span class='ocr_line' id='line_1_5' title="bbox 126 565 881 643; baseline 0.001 -21"><span class='ocrx_word' id='word_1_26' title='bbox 126 565 346 643; x_wconf 70' lang='grc' dir='ltr'><strong><em>ἀναζωπυροῦσιν</em></strong></span> <span class='ocrx_word' id='word_1_27' title='bbox 364 569 523 639; x_wconf 72' lang='grc' dir='ltr'><strong><em>ἐμφυλίους·</em></strong></span> <span class='ocrx_word' id='word_1_28' title='bbox 544 569 658 622; x_wconf 77' lang='grc' dir='ltr'><strong><em>ἐπαινῶν</em></strong></span> <span class='ocrx_word' id='word_1_29' title='bbox 678 568 706 623; x_wconf 76' lang='grc' dir='ltr'><strong><em>δέ</em></strong></span> <span class='ocrx_word' id='word_1_30' title='bbox 726 568 787 632; x_wconf 87' lang='grc' dir='ltr'><strong><em>τούς</em></strong></span> <span class='ocrx_word' id='word_1_31' title='bbox 805 566 832 623; x_wconf 79' lang='grc' dir='ltr'><strong><em>έν</em></strong></span> <span class='ocrx_word' id='word_1_32' title='bbox 850 568 881 623; x_wconf 89' lang='grc' dir='ltr'><strong><em>τύ</em></strong></span> 
     </span>
     <span class='ocr_line' id='line_1_6' title="bbox 126 647 880 725; baseline -0.003 -17"><span class='ocrx_word' id='word_1_33' title='bbox 126 657 263 725; x_wconf 77' lang='grc' dir='ltr'><strong><em>συμφέρον</em></strong></span> <span class='ocrx_word' id='word_1_34' title='bbox 277 650 323 706; x_wconf 85' lang='grc' dir='ltr'><strong><em>καί</em></strong></span> <span class='ocrx_word' id='word_1_35' title='bbox 336 653 428 706; x_wconf 83' lang='grc' dir='ltr'><strong><em>κοινὸν</em></strong></span> <span class='ocrx_word' id='word_1_36' title='bbox 440 647 610 724; x_wconf 74' lang='grc' dir='ltr'><strong><em>ἡγουμένους,</em></strong></span> <span class='ocrx_word' id='word_1_37' title='bbox 625 650 670 706; x_wconf 88' lang='grc' dir='ltr'><strong><em>καί</em></strong></span> <span class='ocrx_word' id='word_1_38' title='bbox 681 654 770 708; x_wconf 88' lang='grc' dir='ltr'><strong><em>πάντα</em></strong></span> <span class='ocrx_word' id='word_1_39' title='bbox 783 653 880 708; x_wconf 82' lang='grc' dir='ltr'><strong><em>ἐλάττω</em></strong></span> 
     </span>
     <span class='ocr_line' id='line_1_7' title="bbox 125 733 880 810; baseline 0.001 -20"><span class='ocrx_word' id='word_1_40' title='bbox 125 740 170 805; x_wconf 81' lang='grc' dir='ltr'><strong><em>τῆς</em></strong></span> <span class='ocrx_word' id='word_1_41' title='bbox 183 737 311 808; x_wconf 83' lang='grc' dir='ltr'><strong><em>ὁμονοίας</em></strong></span> <span class='ocrx_word' id='word_1_42' title='bbox 328 736 492 806; x_wconf 78' lang='grc' dir='ltr'><strong><em>τιθεμένους,</em></strong></span> <span class='ocrx_word' id='word_1_43' title='bbox 508 734 653 804; x_wconf 76' lang='grc' dir='ltr'><strong><em>διδάσκων,</em></strong></span> <span class='ocrx_word' id='word_1_44' title='bbox 674 733 722 802; x_wconf 83' lang='grc' dir='ltr'><strong><em>ὧς,</em></strong></span> <span class='ocrx_word' id='word_1_45' title='bbox 741 734 764 792; x_wconf 85' lang='grc' dir='ltr'><strong><em>εί</em></strong></span> <span class='ocrx_word' id='word_1_46' title='bbox 776 740 880 810; x_wconf 89' lang='grc' dir='ltr'><strong><em>γένοιτο</em></strong></span> 
     </span>
     <span class='ocr_line' id='line_1_8' title="bbox 124 815 880 892; baseline -0.003 -17"><span class='ocrx_word' id='word_1_47' title='bbox 124 823 170 889; x_wconf 79' lang='grc' dir='ltr'><strong><em>τῆς</em></strong></span> <span class='ocrx_word' id='word_1_48' title='bbox 183 821 264 889; x_wconf 76' lang='grc' dir='ltr'><strong><em>δίκης,</em></strong></span> <span class='ocrx_word' id='word_1_49' title='bbox 280 815 367 892; x_wconf 79' lang='grc' dir='ltr'><strong><em>ὥσπερ</em></strong></span> <span class='ocrx_word' id='word_1_50' title='bbox 380 817 461 887; x_wconf 85' lang='grc' dir='ltr'><strong><em>άξιοί,</em></strong></span> <span class='ocrx_word' id='word_1_51' title='bbox 480 819 496 874; x_wconf 83' lang='lat' dir='ltr'><strong><em>o‘</em></strong></span> <span class='ocrx_word' id='word_1_52' title='bbox 511 819 594 891; x_wconf 74' lang='grc' dir='ltr'><strong><em>δῆμος</em></strong></span> <span class='ocrx_word' id='word_1_53' title='bbox 607 820 706 892; x_wconf 90' lang='grc' dir='ltr'><strong><em>κύριος,</em></strong></span> <span class='ocrx_word' id='word_1_54' title='bbox 721 818 766 876; x_wconf 89' lang='grc' dir='ltr'><strong><em>καί</em></strong></span> <span class='ocrx_word' id='word_1_55' title='bbox 780 819 880 889; x_wconf 85' lang='grc' dir='ltr'><strong><em>ταύτην</em></strong></span> 
     </span>
     <span class='ocr_line' id='line_1_9' title="bbox 124 903 879 979; baseline 0.001 -21"><span class='ocrx_word' id='word_1_56' title='bbox 124 907 198 979; x_wconf 85' lang='grc' dir='ltr'><strong><em>παρά</em></strong></span> <span class='ocrx_word' id='word_1_57' title='bbox 213 906 260 959; x_wconf 78' lang='grc' dir='ltr'><strong><em>τοῦ</em></strong></span> <span class='ocrx_word' id='word_1_58' title='bbox 274 903 416 978; x_wconf 81' lang='grc' dir='ltr'><strong><em>συνεδρίου</em></strong></span> <span class='ocrx_word' id='word_1_59' title='bbox 434 905 482 972; x_wconf 73' lang='grc' dir='ltr'><strong><em>τὴν</em></strong></span> <span class='ocrx_word' id='word_1_60' title='bbox 494 905 572 976; x_wconf 73' lang='grc' dir='ltr'><strong><em>χάριν</em></strong></span> <span class='ocrx_word' id='word_1_61' title='bbox 585 907 690 965; x_wconf 76' lang='grc' dir='ltr'><strong><em>ἑκόντος</em></strong></span> <span class='ocrx_word' id='word_1_62' title='bbox 708 905 796 977; x_wconf 77' lang='grc' dir='ltr'><strong><em>λάβοι,</em></strong></span> <span class='ocrx_word' id='word_1_63' title='bbox 811 907 879 973; x_wconf 82' lang='grc' dir='ltr'><strong><em>τάχα</em></strong></span> 
     </span>
     <span class='ocr_line' id='line_1_10' title="bbox 124 982 878 1062; baseline 0.003 -20"><span class='ocrx_word' id='word_1_64' title='bbox 124 982 246 1060; x_wconf 72' lang='grc' dir='ltr'><strong><em>μὲνούδ’</em></strong></span> <span class='ocrx_word' id='word_1_65' title='bbox 259 989 384 1050; x_wconf 75' lang='grc' dir='ltr'><strong><em>ἐπέξεισιν</em></strong></span> <span class='ocrx_word' id='word_1_66' title='bbox 395 983 458 1061; x_wconf 79' lang='grc' dir='ltr'><strong><em>άχρι</em></strong></span> <span class='ocrx_word' id='word_1_67' title='bbox 476 989 575 1054; x_wconf 84' lang='grc' dir='ltr'><strong><em>τέλους,</em></strong></span> <span class='ocrx_word' id='word_1_68' title='bbox 595 985 652 1044; x_wconf 75' lang='grc' dir='ltr'><strong><em>ἀλλ’</em></strong></span> <span class='ocrx_word' id='word_1_69' title='bbox 671 985 812 1062; x_wconf 78' lang='grc' dir='ltr'><strong><em>ιίρκεσθείς</em></strong></span> <span class='ocrx_word' id='word_1_70' title='bbox 830 984 878 1044; x_wconf 89' lang='grc' dir='ltr'><strong><em>αύ-</em></strong></span> 
     </span>
     <span class='ocr_line' id='line_1_11' title="bbox 124 1072 879 1148; baseline 0 -22"><span class='ocrx_word' id='word_1_71' title='bbox 124 1073 158 1145; x_wconf 76' lang='grc' dir='ltr'><strong><em>τρί</em></strong></span> <span class='ocrx_word' id='word_1_72' title='bbox 183 1075 218 1145; x_wconf 80' lang='grc' dir='ltr'><strong><em>τῷ</em></strong></span> <span class='ocrx_word' id='word_1_73' title='bbox 245 1072 429 1145; x_wconf 71' lang='grc' dir='ltr'><strong><em>κεκρατημένοι</em></strong></span> <span class='ocrx_word' id='word_1_74' title='bbox 454 1073 501 1127; x_wconf 86' lang='grc' dir='ltr'><strong><em>τού</em></strong></span> <span class='ocrx_word' id='word_1_75' title='bbox 527 1072 661 1144; x_wconf 85' lang='grc' dir='ltr'><strong><em>σώματος,</em></strong></span> <span class='ocrx_word' id='word_1_76' title='bbox 689 1073 879 1148; x_wconf 86' lang='grc' dir='ltr'><strong><em>ἐπιεικέστερον</em></strong></span> 
     </span>
     <span class='ocr_line' id='line_1_12' title="bbox 124 1150 878 1231; baseline -0.001 -20"><span class='ocrx_word' id='word_1_77' title='bbox 124 1157 231 1229; x_wconf 84' lang='grc' dir='ltr'><strong><em>μάλλον,</em></strong></span> <span class='ocrx_word' id='word_1_78' title='bbox 245 1153 463 1231; x_wconf 77' lang='grc' dir='ltr'><strong><em>ἢγαλεπώτερον,</em></strong></span> <span class='ocrx_word' id='word_1_79' title='bbox 473 1150 546 1228; x_wconf 76' lang='grc' dir='ltr'><strong><em>αύτῷ</em></strong></span> <span class='ocrx_word' id='word_1_80' title='bbox 554 1157 690 1229; x_wconf 74' lang='grc' dir='ltr'><strong><em>χρήσεται.</em></strong></span> <span class='ocrx_word' id='word_1_81' title='bbox 705 1153 727 1210; x_wconf 88' lang='grc' dir='ltr'><strong><em>εί</em></strong></span> <span class='ocrx_word' id='word_1_82' title='bbox 741 1151 769 1212; x_wconf 80' lang='grc' dir='ltr'><strong><em>δ’</em></strong></span> <span class='ocrx_word' id='word_1_83' title='bbox 783 1152 837 1229; x_wconf 86' lang='grc' dir='ltr'><strong><em>άρα</em></strong></span> <span class='ocrx_word' id='word_1_84' title='bbox 850 1160 878 1212; x_wconf 81' lang='grc' dir='ltr'><strong><em>ἐκ</em></strong></span> 
     </span>
     <span class='ocr_line' id='line_1_13' title="bbox 124 1238 878 1315; baseline 0.003 -21"><span class='ocrx_word' id='word_1_85' title='bbox 124 1244 223 1306; x_wconf 85' lang='grc' dir='ltr'><strong><em>παντὸς</em></strong></span> <span class='ocrx_word' id='word_1_86' title='bbox 236 1238 363 1312; x_wconf 81' lang='grc' dir='ltr'><strong><em>οἰομένων</em></strong></span> <span class='ocrx_word' id='word_1_87' title='bbox 383 1241 488 1315; x_wconf 81' lang='grc' dir='ltr'><strong><em>τρόπου</em></strong></span> <span class='ocrx_word' id='word_1_88' title='bbox 506 1241 557 1295; x_wconf 81' lang='grc' dir='ltr'><strong><em>τῶν</em></strong></span> <span class='ocrx_word' id='word_1_89' title='bbox 575 1239 715 1315; x_wconf 71' lang='grc' dir='ltr'><strong><em>δημάρχων</em></strong></span> <span class='ocrx_word' id='word_1_90' title='bbox 734 1243 805 1306; x_wconf 83' lang='grc' dir='ltr'><strong><em>τέλος</em></strong></span> <span class='ocrx_word' id='word_1_91' title='bbox 823 1244 878 1296; x_wconf 86' lang='grc' dir='ltr'><strong><em>έπι·</em></strong></span> 
     </span>
     <span class='ocr_line' id='line_1_14' title="bbox 123 1324 878 1399; baseline 0 -19"><span class='ocrx_word' id='word_1_92' title='bbox 123 1327 215 1380; x_wconf 76' lang='grc' dir='ltr'><strong><em>θεῖναι</em></strong></span> <span class='ocrx_word' id='word_1_93' title='bbox 228 1326 343 1396; x_wconf 85' lang='grc' dir='ltr'><strong><em>νόμιμον</em></strong></span> <span class='ocrx_word' id='word_1_94' title='bbox 355 1325 388 1396; x_wconf 75' lang='grc' dir='ltr'><strong><em>τῇ</em></strong></span> <span class='ocrx_word' id='word_1_95' title='bbox 402 1324 473 1398; x_wconf 79' lang='grc' dir='ltr'><strong><em>δίκῃ,</em></strong></span> <span class='ocrx_word' id='word_1_96' title='bbox 500 1326 546 1394; x_wconf 82' lang='grc' dir='ltr'><strong><em>τῆς</em></strong></span> <span class='ocrx_word' id='word_1_97' title='bbox 563 1325 657 1397; x_wconf 76' lang='grc' dir='ltr'><strong><em>ψήφου</em></strong></span> <span class='ocrx_word' id='word_1_98' title='bbox 677 1325 814 1399; x_wconf 74' lang='grc' dir='ltr'><strong><em>γενήσεται</em></strong></span> <span class='ocrx_word' id='word_1_99' title='bbox 833 1324 878 1380; x_wconf 88' lang='grc' dir='ltr'><strong><em>κύ·</em></strong></span> 
     </span>
     <span class='ocr_line' id='line_1_15' title="bbox 124 1404 878 1483; baseline 0.003 -21"><span class='ocrx_word' id='word_1_100' title='bbox 124 1429 186 1481; x_wconf 91' lang='grc' dir='ltr'><strong><em>ριος,</em></strong></span> <span class='ocrx_word' id='word_1_101' title='bbox 207 1406 335 1465; x_wconf 76' lang='grc' dir='ltr'><strong><em>ἀπολέσει</em></strong></span> <span class='ocrx_word' id='word_1_102' title='bbox 350 1412 394 1477; x_wconf 77' lang='grc' dir='ltr'><strong><em>τῆς</em></strong></span> <span class='ocrx_word' id='word_1_103' title='bbox 419 1406 504 1475; x_wconf 85' lang='grc' dir='ltr'><strong><em>αίτίυς</em></strong></span> <span class='ocrx_word' id='word_1_104' title='bbox 529 1408 576 1463; x_wconf 81' lang='grc' dir='ltr'><strong><em>τὸν</em></strong></span> <span class='ocrx_word' id='word_1_105' title='bbox 600 1404 695 1483; x_wconf 80' lang='grc' dir='ltr'><strong><em>άνὸρα,</em></strong></span> <span class='ocrx_word' id='word_1_106' title='bbox 723 1406 878 1481; x_wconf 75' lang='grc' dir='ltr'><strong><em>αι’ίούμενος</em></strong></span> 
     </span>
     <span class='ocr_line' id='line_1_16' title="bbox 123 1481 879 1564; baseline 0.005 -19"><span class='ocrx_word' id='word_1_107' title='bbox 123 1493 173 1564; x_wconf 87' lang='grc' dir='ltr'><strong><em>μέν</em></strong></span> <span class='ocrx_word' id='word_1_108' title='bbox 187 1488 253 1546; x_wconf 82' lang='grc' dir='ltr'><strong><em>αὖτέ</em></strong></span> <span class='ocrx_word' id='word_1_109' title='bbox 266 1496 296 1547; x_wconf 86' lang='grc' dir='ltr'>τό</span> <span class='ocrx_word' id='word_1_110' title='bbox 310 1492 464 1547; x_wconf 81' lang='grc' dir='ltr'><strong><em>κινίυνεύον</em></strong></span> <span class='ocrx_word' id='word_1_111' title='bbox 476 1495 566 1563; x_wconf 84' lang='grc' dir='ltr'><strong><em>σῶμα,</em></strong></span> <span class='ocrx_word' id='word_1_112' title='bbox 594 1481 627 1548; x_wconf 86' lang='grc' dir='ltr'><strong><em>ού</em></strong></span> <span class='ocrx_word' id='word_1_113' title='bbox 646 1496 739 1550; x_wconf 65' lang='grc' dir='ltr'><strong><em>πολλά·</em></strong></span> <span class='ocrx_word' id='word_1_114' title='bbox 751 1494 796 1550; x_wconf 85' lang='grc' dir='ltr'><strong><em>καί</em></strong></span> <span class='ocrx_word' id='word_1_115' title='bbox 809 1496 879 1549; x_wconf 90' lang='grc' dir='ltr'><strong><em>καλά</em></strong></span> 
     </span>
     <span class='ocr_line' id='line_1_17' title="bbox 124 1573 877 1650; baseline 0.001 -19"><span class='ocrx_word' id='word_1_116' title='bbox 124 1576 188 1650; x_wconf 82' lang='grc' dir='ltr'><strong><em>ἔργα</em></strong></span> <span class='ocrx_word' id='word_1_117' title='bbox 202 1576 252 1644; x_wconf 76' lang='grc' dir='ltr'><strong><em>ἔχει</em></strong></span> <span class='ocrx_word' id='word_1_118' title='bbox 263 1580 432 1647; x_wconf 74' lang='grc' dir='ltr'><strong><em>μεμνῆσθαι,</em></strong></span> <span class='ocrx_word' id='word_1_119' title='bbox 461 1574 657 1641; x_wconf 79' lang='grc' dir='ltr'><strong><em>άνταποιίιιίούς</em></strong></span> <span class='ocrx_word' id='word_1_120' title='bbox 677 1577 705 1632; x_wconf 79' lang='grc' dir='ltr'><strong><em>δὲ</em></strong></span> <span class='ocrx_word' id='word_1_121' title='bbox 727 1579 776 1644; x_wconf 78' lang='grc' dir='ltr'><strong><em>τήν</em></strong></span> <span class='ocrx_word' id='word_1_122' title='bbox 793 1573 877 1647; x_wconf 83' lang='grc' dir='ltr'><strong><em>αύτῆν</em></strong></span> 
     </span>
     <span class='ocr_line' id='line_1_18' title="bbox 121 1657 875 1737; baseline 0 -22"><span class='ocrx_word' id='word_1_123' title='bbox 121 1663 201 1731; x_wconf 81' lang='grc' dir='ltr'><strong><em>χάριν</em></strong></span> <span class='ocrx_word' id='word_1_124' title='bbox 214 1659 248 1732; x_wconf 77' lang='grc' dir='ltr'><strong><em>τῇ</em></strong></span> <span class='ocrx_word' id='word_1_125' title='bbox 260 1659 436 1734; x_wconf 67' lang='grc' dir='ltr'><strong><em>παρασχούσῃ</em></strong></span> <span class='ocrx_word' id='word_1_126' title='bbox 463 1661 510 1729; x_wconf 73' lang='grc' dir='ltr'><strong><em>τὴν</em></strong></span> <span class='ocrx_word' id='word_1_127' title='bbox 534 1661 657 1725; x_wconf 79' lang='grc' dir='ltr'><strong><em>ἐξουσίαν</em></strong></span> <span class='ocrx_word' id='word_1_128' title='bbox 681 1657 757 1733; x_wconf 78' lang='grc' dir='ltr'><strong><em>αύτῷ</em></strong></span> <span class='ocrx_word' id='word_1_129' title='bbox 780 1663 875 1737; x_wconf 74' lang='grc' dir='ltr'><strong><em>βουλῇ,</em></strong></span> 
     </span>
     <span class='ocr_line' id='line_1_19' title="bbox 124 1744 872 1821; baseline 0.001 -22"><span class='ocrx_word' id='word_1_130' title='bbox 124 1745 169 1799; x_wconf 91' lang='grc' dir='ltr'><strong><em>καί</em></strong></span> <span class='ocrx_word' id='word_1_131' title='bbox 195 1745 259 1815; x_wconf 79' lang='grc' dir='ltr'><strong><em>πρὸς</em></strong></span> <span class='ocrx_word' id='word_1_132' title='bbox 277 1744 361 1818; x_wconf 73' lang='grc' dir='ltr'><strong><em>μηδὲν</em></strong></span> <span class='ocrx_word' id='word_1_133' title='bbox 380 1745 570 1818; x_wconf 77' lang='grc' dir='ltr'><strong><em>ἐναντιωθείσῃ</em></strong></span> <span class='ocrx_word' id='word_1_134' title='bbox 589 1746 640 1798; x_wconf 79' lang='grc' dir='ltr'><strong><em>τῶν</em></strong></span> <span class='ocrx_word' id='word_1_135' title='bbox 658 1745 779 1820; x_wconf 88' lang='grc' dir='ltr'><strong><em>μετρίων.</em></strong></span> <span class='ocrx_word' id='word_1_136' title='bbox 804 1767 872 1821; x_wconf 90' lang='grc' dir='ltr'><strong><em>παρ-</em></strong></span> 
     </span>
     <span class='ocr_line' id='line_1_20' title="bbox 124 1826 877 1902; baseline 0.005 -21"><span class='ocrx_word' id='word_1_137' title='bbox 124 1832 191 1882; x_wconf 88' lang='grc' dir='ltr'><strong><em>εῖναι</em></strong></span> <span class='ocrx_word' id='word_1_138' title='bbox 213 1830 302 1899; x_wconf 87' lang='grc' dir='ltr'><strong><em>μέντοι</em></strong></span> <span class='ocrx_word' id='word_1_139' title='bbox 320 1827 354 1901; x_wconf 78' lang='grc' dir='ltr'><strong><em>τῇ</em></strong></span> <span class='ocrx_word' id='word_1_140' title='bbox 370 1826 429 1902; x_wconf 75' lang='grc' dir='ltr'><strong><em>δίκῃ</em></strong></span> <span class='ocrx_word' id='word_1_141' title='bbox 448 1827 639 1901; x_wconf 75' lang='grc' dir='ltr'><strong><em>συνεβούλευε,</em></strong></span> <span class='ocrx_word' id='word_1_142' title='bbox 666 1829 712 1885; x_wconf 86' lang='grc' dir='ltr'><strong><em>καί</em></strong></span> <span class='ocrx_word' id='word_1_143' title='bbox 725 1834 877 1885; x_wconf 89' lang='grc' dir='ltr'><strong><em>συναπολο-</em></strong></span> 
     </span>
     <span class='ocr_line' id='line_1_21' title="bbox 122 1911 877 1986; baseline 0.004 -21"><span class='ocrx_word' id='word_1_144' title='bbox 122 1915 234 1986; x_wconf 75' lang='grc' dir='ltr'><strong><em>γεῖσθαι</em></strong></span> <span class='ocrx_word' id='word_1_145' title='bbox 259 1912 295 1984; x_wconf 68' lang='grc' dir='ltr'><strong><em>τῷ</em></strong></span> <span class='ocrx_word' id='word_1_146' title='bbox 320 1911 410 1986; x_wconf 80' lang='grc' dir='ltr'><strong><em>άνδρί,</em></strong></span> <span class='ocrx_word' id='word_1_147' title='bbox 438 1911 543 1969; x_wconf 77' lang='grc' dir='ltr'><strong><em>καὶτὸν</em></strong></span> <span class='ocrx_word' id='word_1_148' title='bbox 567 1911 652 1983; x_wconf 75' lang='grc' dir='ltr'><strong><em>δῆμον</em></strong></span> <span class='ocrx_word' id='word_1_149' title='bbox 678 1911 770 1979; x_wconf 84' lang='grc' dir='ltr'><strong><em>άξιούν</em></strong></span> <span class='ocrx_word' id='word_1_150' title='bbox 794 1914 877 1986; x_wconf 79' lang='grc' dir='ltr'><strong><em>μηδὲν</em></strong></span> 
     </span>
     <span class='ocr_line' id='line_1_22' title="bbox 122 1993 878 2071; baseline 0.004 -20"><span class='ocrx_word' id='word_1_151' title='bbox 122 1997 222 2069; x_wconf 81' lang='grc' dir='ltr'><strong><em>γνῶναι</em></strong></span> <span class='ocrx_word' id='word_1_152' title='bbox 237 1998 353 2064; x_wconf 83' lang='grc' dir='ltr'><strong><em>χαλεπὸν</em></strong></span> <span class='ocrx_word' id='word_1_153' title='bbox 365 1994 426 2071; x_wconf 76' lang='grc' dir='ltr'><strong><em>περὶ</em></strong></span> <span class='ocrx_word' id='word_1_154' title='bbox 451 1993 545 2063; x_wconf 81' lang='grc' dir='ltr'><strong><em>αύτού,</em></strong></span> <span class='ocrx_word' id='word_1_155' title='bbox 573 1997 635 2060; x_wconf 91' lang='grc' dir='ltr'><strong><em>τούς</em></strong></span> <span class='ocrx_word' id='word_1_156' title='bbox 648 2018 675 2052; x_wconf 87' lang='grc' dir='ltr'><strong><em>τε</em></strong></span> <span class='ocrx_word' id='word_1_157' title='bbox 701 1995 819 2063; x_wconf 88' lang='grc' dir='ltr'><strong><em>ύπάτους</em></strong></span> <span class='ocrx_word' id='word_1_158' title='bbox 832 1997 878 2055; x_wconf 86' lang='grc' dir='ltr'><strong><em>καί</em></strong></span> 
     </span>
     <span class='ocr_line' id='line_1_23' title="bbox 124 2077 874 2154; baseline 0.005 -20"><span class='ocrx_word' id='word_1_159' title='bbox 124 2080 185 2147; x_wconf 89' lang='grc' dir='ltr'><strong><em>τούς</em></strong></span> <span class='ocrx_word' id='word_1_160' title='bbox 197 2085 224 2136; x_wconf 90' lang='grc' dir='ltr'><strong><em>ἐκ</em></strong></span> <span class='ocrx_word' id='word_1_161' title='bbox 241 2084 286 2135; x_wconf 80' lang='grc' dir='ltr'><strong><em>τοῦ</em></strong></span> <span class='ocrx_word' id='word_1_162' title='bbox 299 2079 439 2154; x_wconf 74' lang='grc' dir='ltr'><strong><em>συνεδρίου</em></strong></span> <span class='ocrx_word' id='word_1_163' title='bbox 452 2082 561 2147; x_wconf 87' lang='grc' dir='ltr'><strong><em>πάντας,</em></strong></span> <span class='ocrx_word' id='word_1_164' title='bbox 581 2081 626 2137; x_wconf 86' lang='grc' dir='ltr'><strong><em>καί</em></strong></span> <span class='ocrx_word' id='word_1_165' title='bbox 640 2083 702 2148; x_wconf 88' lang='grc' dir='ltr'><strong><em>τούς</em></strong></span> <span class='ocrx_word' id='word_1_166' title='bbox 714 2077 811 2145; x_wconf 88' lang='grc' dir='ltr'><strong><em>άλλους</em></strong></span> <span class='ocrx_word' id='word_1_167' title='bbox 823 2104 874 2138; x_wconf 91' lang='grc' dir='ltr'><strong><em>πα·</em></strong></span> 
     </span>
     <span class='ocr_line' id='line_1_24' title="bbox 123 2163 874 2242; baseline 0.004 -24"><span class='ocrx_word' id='word_1_168' title='bbox 123 2166 239 2239; x_wconf 91' lang='grc' dir='ltr'><strong><em>τρικίους</em></strong></span> <span class='ocrx_word' id='word_1_169' title='bbox 251 2167 319 2219; x_wconf 84' lang='grc' dir='ltr'><strong><em>κατά</em></strong></span> <span class='ocrx_word' id='word_1_170' title='bbox 343 2167 448 2234; x_wconf 76' lang='grc' dir='ltr'><strong><em>πλῆθος</em></strong></span> <span class='ocrx_word' id='word_1_171' title='bbox 460 2163 650 2237; x_wconf 86' lang='grc' dir='ltr'><strong><em>άφικομένους·</em></strong></span> <span class='ocrx_word' id='word_1_172' title='bbox 675 2171 809 2223; x_wconf 83' lang='grc' dir='ltr'><strong><em>συνοίσειν</em></strong></span> <span class='ocrx_word' id='word_1_173' title='bbox 821 2167 874 2242; x_wconf 90' lang='grc' dir='ltr'><strong><em>γάρ</em></strong></span> 
     </span>
     <span class='ocr_line' id='line_1_25' title="bbox 123 2245 876 2325; baseline 0 -20"><span class='ocrx_word' id='word_1_174' title='bbox 123 2245 156 2305; x_wconf 86' lang='grc' dir='ltr'><strong><em>ού</em></strong></span> <span class='ocrx_word' id='word_1_175' title='bbox 168 2250 249 2324; x_wconf 84' lang='grc' dir='ltr'><strong><em>μικρά</em></strong></span> <span class='ocrx_word' id='word_1_176' title='bbox 262 2250 296 2320; x_wconf 78' lang='grc' dir='ltr'><strong><em>τῷ</em></strong></span> <span class='ocrx_word' id='word_1_177' title='bbox 310 2248 489 2305; x_wconf 70' lang='grc' dir='ltr'><strong><em>κινδυνεύοντι</em></strong></span> <span class='ocrx_word' id='word_1_178' title='bbox 513 2249 560 2304; x_wconf 81' lang='grc' dir='ltr'><strong><em>καί</em></strong></span> <span class='ocrx_word' id='word_1_179' title='bbox 572 2250 685 2315; x_wconf 77' lang='grc' dir='ltr'><strong><em>τούτους</em></strong></span> <span class='ocrx_word' id='word_1_180' title='bbox 696 2249 733 2314; x_wconf 84' lang='grc' dir='ltr'><strong><em>είς</em></strong></span> <span class='ocrx_word' id='word_1_181' title='bbox 745 2253 876 2325; x_wconf 86' lang='grc' dir='ltr'><strong><em>σωτηρίας</em></strong></span> 
     </span>
     <span class='ocr_line' id='line_1_26' title="bbox 123 2329 874 2410; baseline 0.003 -22"><span class='ocrx_word' id='word_1_182' title='bbox 123 2333 223 2406; x_wconf 73' lang='grc' dir='ltr'><strong><em>ῥοπήν·</em></strong></span> <span class='ocrx_word' id='word_1_183' title='bbox 249 2332 295 2386; x_wconf 86' lang='grc' dir='ltr'><strong><em>καί</em></strong></span> <span class='ocrx_word' id='word_1_184' title='bbox 306 2333 343 2404; x_wconf 69' lang='grc' dir='ltr'><strong><em>μὴ</em></strong></span> <span class='ocrx_word' id='word_1_185' title='bbox 356 2335 440 2404; x_wconf 86' lang='grc' dir='ltr'><strong><em>μόνον</em></strong></span> <span class='ocrx_word' id='word_1_186' title='bbox 452 2329 550 2400; x_wconf 86' lang='grc' dir='ltr'><strong><em>αύτούς</em></strong></span> <span class='ocrx_word' id='word_1_187' title='bbox 563 2329 648 2397; x_wconf 77' lang='grc' dir='ltr'><strong><em>ούτως</em></strong></span> <span class='ocrx_word' id='word_1_188' title='bbox 658 2333 723 2404; x_wconf 83' lang='grc' dir='ltr'><strong><em>έχειν</em></strong></span> <span class='ocrx_word' id='word_1_189' title='bbox 737 2338 795 2398; x_wconf 75' lang='grc' dir='ltr'><strong><em>ταῖς</em></strong></span> <span class='ocrx_word' id='word_1_190' title='bbox 807 2335 874 2410; x_wconf 86' lang='grc' dir='ltr'><strong><em>γνώ·</em></strong></span> 
     </span>
     <span class='ocr_line' id='line_1_27' title="bbox 121 2413 874 2494; baseline 0.005 -24"><span class='ocrx_word' id='word_1_191' title='bbox 121 2437 191 2488; x_wconf 83' lang='grc' dir='ltr'><strong><em>μοις,</em></strong></span> <span class='ocrx_word' id='word_1_192' title='bbox 212 2413 278 2474; x_wconf 89' lang='grc' dir='ltr'><strong><em>άλλά</em></strong></span> <span class='ocrx_word' id='word_1_193' title='bbox 292 2417 338 2473; x_wconf 86' lang='grc' dir='ltr'><strong><em>καί</em></strong></span> <span class='ocrx_word' id='word_1_194' title='bbox 349 2419 461 2482; x_wconf 88' lang='grc' dir='ltr'><strong><em>πελάτας</em></strong></span> <span class='ocrx_word' id='word_1_195' title='bbox 474 2415 587 2475; x_wconf 76' lang='grc' dir='ltr'><strong><em>ἕκαστον</em></strong></span> <span class='ocrx_word' id='word_1_196' title='bbox 599 2418 662 2481; x_wconf 87' lang='grc' dir='ltr'><strong><em>τούς</em></strong></span> <span class='ocrx_word' id='word_1_197' title='bbox 687 2418 771 2474; x_wconf 82' lang='grc' dir='ltr'><strong><em>αύτοίι</em></strong></span> <span class='ocrx_word' id='word_1_198' title='bbox 785 2439 874 2494; x_wconf 77' lang='grc' dir='ltr'><strong><em>παρα·</em></strong></span> 
     </span>
     <span class='ocr_line' id='line_1_28' title="bbox 125 2498 877 2573; baseline 0.004 -19"><span class='ocrx_word' id='word_1_199' title='bbox 125 2501 218 2565; x_wconf 85' lang='grc' dir='ltr'><strong><em>καλεῖν,</em></strong></span> <span class='ocrx_word' id='word_1_200' title='bbox 243 2499 288 2556; x_wconf 85' lang='grc' dir='ltr'><strong><em>καί</em></strong></span> <span class='ocrx_word' id='word_1_201' title='bbox 301 2500 397 2571; x_wconf 88' lang='grc' dir='ltr'><strong><em>φίλους</em></strong></span> <span class='ocrx_word' id='word_1_202' title='bbox 409 2502 549 2573; x_wconf 80' lang='grc' dir='ltr'><strong><em>συνάγειν,</em></strong></span> <span class='ocrx_word' id='word_1_203' title='bbox 573 2502 619 2558; x_wconf 87' lang='grc' dir='ltr'><strong><em>καί</em></strong></span> <span class='ocrx_word' id='word_1_204' title='bbox 642 2504 668 2558; x_wconf 84' lang='grc' dir='ltr'><strong><em>εἴ</em></strong></span> <span class='ocrx_word' id='word_1_205' title='bbox 678 2523 751 2566; x_wconf 89' lang='grc' dir='ltr'><strong><em>τινας</em></strong></span> <span class='ocrx_word' id='word_1_206' title='bbox 763 2498 877 2568; x_wconf 85' lang='grc' dir='ltr'><strong><em>οίκιίους</em></strong></span> 
     </span>
     <span class='ocr_line' id='line_1_29' title="bbox 104 2580 883 2666; baseline 0.009 -33"><span class='ocrx_word' id='word_1_207' title='bbox 104 2580 200 2643; x_wconf 59' lang='grc' dir='ltr'><strong><em>ἄκουσι</em></strong></span> <span class='ocrx_word' id='word_1_208' title='bbox 214 2586 268 2639; x_wconf 79' lang='grc' dir='ltr'><strong><em>τῶν</em></strong></span> <span class='ocrx_word' id='word_1_209' title='bbox 281 2585 435 2660; x_wconf 72' lang='grc' dir='ltr'><strong><em>δημοτικῶν</em></strong></span> <span class='ocrx_word' id='word_1_210' title='bbox 449 2580 484 2646; x_wconf 76' lang='grc' dir='ltr'><strong><em>δι’</em></strong></span> <span class='ocrx_word' id='word_1_211' title='bbox 499 2581 660 2666; x_wconf 69' lang='grc' dir='ltr'><strong><em>εὐεργεσίας,</em></strong></span> <span class='ocrx_word' id='word_1_212' title='bbox 671 2585 883 2658; x_wconf 71' lang='grc' dir='ltr'><strong><em>ύπολαμβάνειν,</em></strong></span> 
     </span>
     <span class='ocr_line' id='line_1_30' title="bbox 84 2664 898 2758; baseline 0.021 -49"><span class='ocrx_word' id='word_1_213' title='bbox 84 2664 138 2714; x_wconf 73' lang='grc' dir='ltr'><strong><em>καί</em></strong></span> <span class='ocrx_word' id='word_1_214' title='bbox 151 2664 278 2739; x_wconf 76' lang='grc' dir='ltr'><strong><em>τούτους</em></strong></span> <span class='ocrx_word' id='word_1_215' title='bbox 289 2674 357 2734; x_wconf 85' lang='grc' dir='ltr'><strong><em>νυνί</em></strong></span> <span class='ocrx_word' id='word_1_216' title='bbox 378 2676 431 2751; x_wconf 72' lang='grc' dir='ltr'><strong><em>τήν</em></strong></span> <span class='ocrx_word' id='word_1_217' title='bbox 460 2677 599 2758; x_wconf 85' lang='grc' dir='ltr'><strong><em>πρότερον</em></strong></span> <span class='ocrx_word' id='word_1_218' title='bbox 623 2671 804 2748; x_wconf 68' lang='grc' dir='ltr'><strong><em>ὄφειλομὶνην</em></strong></span> <span class='ocrx_word' id='word_1_219' title='bbox 822 2669 898 2738; x_wconf 59' lang='grc' dir='ltr'><strong><em>φύσιν</em></strong></span> 
     </span>
    </p>
   </div>
   <div class='ocr_carea' id='block_1_3' title="bbox 0 0 968 2954">
    <p class='ocr_par' dir='ltr' id='par_1_3' title="bbox 0 0 968 2954">
     <span class='ocr_line' id='line_1_31' title="bbox 0 0 968 2954; baseline 0 2"><span class='ocrx_word' id='word_1_220' title='bbox 0 0 968 2954; x_wconf 95' lang='lat' dir='ltr'><strong><em> </em></strong></span> 
     </span>
    </p>
   </div>
  </div>
 </body>
</html>
