1928 2954
130 106 407 171 ANTIQVITATVM
426 105 561 157 ROMAN.
579 108 718 162 L13.xv.
776 113 823 166 241

64 217 108 268 τόν
135 208 220 285 άνόρα
240 210 370 284 άμόνοιτο
399 211 547 286 δυνάμενον
574 215 734 286 συμβαλεῖν.
761 209 824 268 αὕθ’

62 296 134 361 όντως
149 299 195 351 τόν
214 300 317 368 κόρακα
336 298 509 366 φυλάττοιτο.

126 379 164 438 ΙΙ.
187 377 232 446 Ὡς
252 380 280 436 όὲ
301 383 384 446 πολὺς
402 383 516 454 ἐγεγόνει
537 383 569 454 τῇ
591 387 662 455 μάχῃ
679 384 790 453 χρόνος,
810 382 825 436 ό

62 469 111 537 μὲν
129 467 227 528 Κελτὸς
246 467 334 538 φόρων
348 463 391 520 ἐντί
405 467 453 520 τόν
470 461 616 539 Οὐαλέριον
633 467 678 534 τὴν
690 468 827 538 μαχαίραν

61 550 96 613 άις
110 550 155 604 όιά
168 553 212 618 τῆς
225 551 379 622 προσβολῆς
392 547 427 612 εἷς
441 552 475 604 τά
496 553 596 621 πλευρά
611 553 718 621 βάψας,
746 546 824 604 ἔπειτ’

61 636 226 696 ἐπιπτάντος
240 629 312 706 αὐτῷ
328 637 374 688 τοῦ
394 637 509 706 κόρακος
528 635 572 689 καί
592 637 637 700 τάς
654 632 731 706 ὄφεις
745 630 826 708 όρότ-

62 739 169 785 τοντος,
182 717 294 774 ἀνέτεινε
306 719 351 773 τόν
370 721 474 793 θυρεόν
494 718 527 783 ὥς
547 716 688 774 άπελάσων
707 721 754 773 τόν
776 716 826 790 ὅρ-

62 825 117 858 νιν·
133 802 148 858 ό
162 803 190 858 όὲ
201 797 331 874 Ῥωμαίος
344 801 382 857 ἔτι
399 806 598 878 μετεωρίζοντος
611 806 642 859 τό
657 798 741 858 ὅπλον
755 800 824 858 άκο-

39 908 43 914 ·
61 888 201 957 λουθήσας
215 887 340 942 κάτωθεν
355 885 483 958 ὑποφέρει
503 891 532 943 τό
550 891 641 958 ξίφος,
660 885 707 942 καὶ
720 885 826 960 άναιριῖ

61 975 109 1027 τόν
122 973 232 1028 Κτλτόν.
253 970 310 1027 όόὲ
328 972 476 1046 στρατηγός
496 967 626 1040 Ῥωμαίος
643 973 747 1044 χρυσίῳ
759 975 825 1026 τοῖι-

61 1077 108 1112 τον
123 1058 243 1128 στεφάνῳ
260 1057 425 1129 ἐκόσμησεν,
447 1057 601 1126 ἐπωνυμίαν
615 1057 729 1126 θέμενος
742 1051 826 1110 αὐτόν

62 1141 212 1213 Κορβῖνον,
226 1137 281 1195 άπό
296 1143 346 1196 τοῖν
361 1141 617 1212 συναγωνισαμένου
629 1140 697 1194 κατά
712 1140 759 1204 τὴν
771 1159 825 1208 μο-

62 1224 195 1295 νομαχίαν
209 1223 277 1289 ζώου
291 1217 456 1302 (κόρβους
469 1223 522 1297 γάρ
536 1221 563 1278 σί
572 1219 700 1293 Ῥωμαῖοι
713 1223 826 1276 καλοῖσι

63 1310 126 1371 τούς
141 1308 281 1380 κόρακαςλ·
306 1301 388 1368 οὗτός
407 1327 433 1361 τε
454 1305 593 1364 διετέλεσεν
605 1311 632 1370 ἐξ
642 1308 743 1361 ἐκείνου
757 1326 825 1374 συμ-

66 1394 135 1464 άάλῳ
155 1393 225 1446 κατά
241 1394 289 1446 τοῦ
309 1393 427 1464 κράνους
445 1392 630 1463 κοσμούμενος
644 1392 752 1463 κόρακι,
780 1390 826 1444 καὶ

67 1481 120 1540 ταῖς
133 1473 233 1530 εἰκόσιν
252 1471 337 1532 αάτοό
357 1475 457 1540 πάσαις
477 1474 504 1530 οἱ
522 1476 678 1538 πλάττοντες
697 1473 743 1529 καί
755 1476 824 1548 γρά-

68 1580 158 1632 ροντες
173 1562 252 1614 τοῦτο
266 1559 296 1613 τό
315 1561 380 1625 ζῶον
392 1558 438 1615 ἐπὶ
451 1562 500 1628 τὴν
516 1561 635 1629 κεφαλὴν
648 1558 824 1632 ἐφήρμοττον.

127 1641 168 1699 Ill
172 1684 270 1700 .....
283 1646 424 1720 ἐπόρθουν
439 1646 485 1709 τάς
497 1643 541 1701 ἐπί
556 1646 607 1700 τῶν
620 1641 710 1715 άγρῶν
724 1643 826 1711 κτήσεις

62 1730 160 1798 πολλῆς
173 1723 346 1801 εάόαιμονίας
359 1727 494 1802 μεμοάσας
507 1771 514 1784 .
529 1770 535 1784 .
552 1771 557 1783 .
573 1769 580 1785 .
597 1725 763 1800 άνθρώαους
777 1749 826 1782 ιτε-

62 1815 228 1885 πονημένους
243 1811 296 1869 ὑπὸ
322 1816 440 1885 πολέμου
465 1815 592 1887 σώματα,
618 1812 746 1880 καίπλὴν
761 1806 827 1868 ὅσον

61 1895 205 1966 άνὲπνεον,
233 1899 266 1951 τά
290 1900 373 1954 λοιποί
399 1903 504 1968 νεκροῖς,
534 1897 655 1969 ὁμοίους.
792 1894 826 1950 ἐτι

63 1985 166 2054 θερμῆς
178 1981 208 2035 τό
221 1980 254 2048 δὴ
269 1982 408 2053 λεγόμενον
420 1977 503 2048 οὔσης
516 1984 561 2049 τῆς
574 1981 625 2035 τοῦ
635 1976 827 2052 ἀναιρεθέντος

63 2064 170 2121 σποδοῦ
191 2102 197 2114 .
213 2102 220 2116 .
235 2106 242 2119 .
258 2104 264 2118 .
287 2067 335 2118 τόν
363 2067 497 2120 οἴκτιστον
511 2060 651 2119 άπολείται
666 2064 767 2136 τρόπον
783 2059 824 2118 ὑπ’

65 2148 162 2219 άνδρός
194 2147 296 2219 ἐχθροῦ
328 2148 455 2220 πολιτικῷ
485 2150 630 2214 σιτίζοντος
660 2147 755 2219 αἵματι
781 2151 827 2202 τόν

65 2234 241 2302 φθόνον...
262 2236 361 2304 μοῖραν
388 2227 437 2286 οὖν
463 2235 601 2301 ἐλαχίστην
627 2233 677 2287 τῶν
697 2227 827 2302 ὠφελειῶν

66 2322 121 2380 τοῖς
148 2316 322 2390 στρατιώταις
346 2318 531 2389 χαριζόμενος,
559 2310 618 2372 ὥστ’
639 2314 779 2371 ἐπικλόσαι
799 2335 826 2370 σε

65 2403 171 2474 πλσίιτφ
187 2402 232 2468 τὴν
245 2402 361 2456 ἑκάστου
374 2400 468 2456 πενίαν
476 2441 590 2456 ......
605 2400 764 2471 διέφθειραν
778 2395 827 2454 αό-
912 2440 916 2449 .

66 2490 117 2543 τῶν
131 2484 302 2556 άκμαζοὺσας
316 2480 366 2554 ἥόη
381 2487 618 2561 σπορολογεῖσθαι
631 2487 683 2549 τὰς
708 2480 850 2556 ἷκροὶιουςι

56 2569 107 2620 καί
119 2570 153 2620 τά
161 2570 294 2638 κράτιστα
308 2575 353 2640 τῆς
365 2575 560 2654 καρποφόρου
576 2571 777 2644 ἐλωβὴσανῑυ·

80 2646 193 2694 θεοανε.
210 2651 242 2698 T.
255 2651 268 2699 Ι
270 2651 300 2702 V.
628 2657 663 2717 Q
