1928 2954
155 191 188 245 98
273 186 434 237 DIONYSH
453 179 800 236 HALICARNASSENSIS

156 312 203 345 νον
225 292 270 358 τῆς
297 289 424 355 ὑπατείας
439 290 600 347 διενοοῦντο.
628 288 701 358 ἔτυχε
721 286 750 344 δέ
768 289 816 345 τόν
833 286 927 365 ἕτερον

155 369 252 437 αὐτόν,
276 377 427 448 Μενήνιον,
451 371 588 450 άρόοιστία
601 395 638 439 τις
652 375 850 447 καταλαβοῦσα
859 377 926 451 χρό·

156 479 220 522 νιος.
245 454 295 528 ἤδη
311 458 339 518 δι’
357 482 425 525 τινες
444 459 547 530 ἐφασαν
566 457 620 515 ὑπὸ
639 458 725 527 λύπης
738 457 783 513 καί
798 454 928 530 άθυμίας

157 547 328 613 ἐμπεσοῦσαν
343 545 377 619 τῷ
392 542 470 617 άνδρί
485 544 614 613 τηκεδόνα
629 541 856 598 δυσαπάλλακτον
875 548 925 615 ἐρ-

156 628 301 699 γάσασθαι
320 631 410 686 νόσον.
433 627 533 696 ταύτην
548 627 576 683 δέ
595 626 740 700 προλαβὼν
753 629 802 696 την
815 628 924 701 πρόφα-

157 733 199 768 σιν
214 711 229 766 6
242 713 365 778 Σηστισς,
393 711 427 776 ὥς
437 707 517 767 οὐδὲν
533 705 590 775 οἷός
602 705 624 766 τ’
640 707 676 766 ὢν
690 712 820 784 πράττειν
830 713 923 783 μόνος,

158 792 309 850 ἀπεωθεῖτο
335 800 381 859 τάς
408 798 459 851 τῶν
482 795 623 870 δημάρχων
645 794 759 864 δεήσεις,
786 794 832 850 καί
856 800 925 871 πρός

157 881 217 941 τούς
234 882 309 944 νέους
327 876 460 954 άργοντας
478 877 553 947 ἠξίου
573 880 730 953 τρέπεσθαι,
759 877 786 934 οἱ
800 874 841 944 δ’,
872 877 922 935 οὐκ

155 963 263 1032 ἐχοντες,
293 959 308 1017 6
322 983 347 1018 τι
360 966 527 1037 πράττουσιν
541 964 642 1037 ἕτερον,
665 962 710 1018 ἐπί
723 964 785 1027 τούς
800 961 861 1036 περί
875 966 924 1020 τόν

153 1055 262 1101 Αππιον
275 1042 351 1102 οίίπω
365 1051 413 1116 τὴν
432 1047 556 1112 ἐξουσίαν
577 1049 779 1121 παρειληφότας
798 1045 920 1122 ἧναγκά,

155 1135 231 1196 ζοντο
246 1131 436 1208 καταφιόγειν,
465 1134 498 1187 τά
517 1134 565 1203 μέν
582 1131 608 1187 έν
624 1135 680 1195 ταῖς
699 1135 850 1200 ἐκκλησίαις
864 1131 922 1188 δεό-

154 1235 242 1286 μενοι,
269 1217 302 1268 τά
317 1217 345 1272 δέ
362 1218 516 1289 καταμόνας
536 1218 748 1288 ἐντυγχάνοντες.
776 1216 822 1272 καί
849 1218 924 1282 τέλος

155 1303 339 1372 ἐξειργάσαντο
367 1302 429 1366 τούς
458 1296 573 1373 άνδρας,
599 1301 716 1374 μεγάλας
736 1299 921 1365 ὑποτείνοντες

154 1384 262 1448 ἐλπίδας
276 1381 377 1450 αδιοίς,
399 1383 421 1439 ιί
435 1389 467 1439 τά
481 1387 529 1442 τοῦ
543 1385 630 1455 δήμου
645 1384 791 1457 πράγματα
806 1383 917 1452 ἕλοιντο,

155 1472 232 1538 τιμῆς
251 1468 297 1523 καὶ
317 1469 480 1532 δυναστείας.
508 1466 616 1537 εἰσῆλθε
633 1470 685 1542 γάρ
698 1489 735 1532 τις
750 1465 919 1525 τδνἌππιον

153 1554 290 1622 ἐπιθυμία
311 1557 385 1622 ξένην
406 1552 490 1626 άρχην
510 1554 718 1626 περιβαλέσθαι,
754 1552 798 1608 καί
818 1555 917 1626 νόμους

106 1644 115 1661 '
153 1637 380 1703 καταστήσασθαι
393 1639 426 1711 τῇ
439 1638 550 1708 πατρίδι
563 1637 691 1707 ὁμονοίας
705 1636 790 1692 τεκαὶ
804 1635 914 1712 εἰρήνης,

153 1718 197 1773 καί
213 1721 259 1772 τοῦ
274 1720 339 1788 μίαν
353 1717 475 1783 ἅπαντας
489 1718 617 1792 ἡγεῖσθαι
633 1724 677 1791 τήν
687 1725 764 1776 πόλιν
778 1717 916 1795 άρξαιτοῐς

153 1805 430 1874 συμπολιτευομένοις,
458 1801 491 1859 οὐ
508 1807 600 1875 μέντοι
620 1806 664 1860 καί
682 1805 793 1879 διέμεινέ
807 1828 838 1878 γε
852 1829 916 1881 γρη-

152 1890 213 1949 στὸς
224 1883 293 1960 άργῇ
307 1889 483 1960 ίγκοσμηθείς
495 1891 611 1962 μεγάλη,
640 1886 694 1943 ἀλλ’
714 1892 817 1952 ἐξέπεσε
831 1893 916 1946 τελευ-

152 1972 202 2024 τῶν
221 1969 258 2033 τίς
277 1970 459 2045 φιλαργίαν’
441 1973 667 2077 απαραχώρητον,
700 1973 753 2028 ὑπὸ
780 1978 918 2049 μεγέθους

151 2056 271 2118 ἐξοισίας
285 2057 462 2156 διαφθαρείς·
474 2080 519 2111 και
511 2053 623 2159 όλίγρυ
638 2057 742 2125 ἐδέησεν
757 2056 801 2112 ἐπί
816 2079 914 2133 τυραν-

151 2137 212 2193 νίδα
227 2141 329 2195 ἐλάσαι
359 2139 419 2214 περί
434 2127 469 2195 όν
488 2161 556 2194 κατα
577 2143 622 2194 τόν
642 2137 742 2196 οἰκεῖον
763 2141 822 2197 διαλ
810 2145 916 2215 λέξομαι

149 2225 252 2296 καιρόν.

216 2305 274 2363 LV
301 2309 368 2362 Ίάτε
397 2302 424 2360 δ’
442 2294 491 2362 οὖν
519 2304 573 2363 α’πό
599 2329 648 2363 του
666 2311 813 2384 κρατίστου
833 2313 917 2366 ταῦτα

149 2393 364 2462 βουλευσιίμειος
382 2391 427 2446 καί
449 2393 493 2446 τόν
512 2395 679 2466 συνάρχοντα
696 2395 800 2465 πείσας,
827 2394 916 2463 επειδὴ

148 2476 276 2541 πολλάκις
295 2473 379 2531 αὐτόν
397 2474 440 2531 ἐπί
460 2476 507 2545 τὴν
526 2477 667 2546 ἐκκλησίαν
685 2480 813 2534 ἐκάλεσαν
828 2477 856 2532 οἶ
871 2477 916 2545 δή·

141 2582 263 2640 ααργοι,
298 2561 465 2641 παρελθὼν
497 2562 614 2622 πολλαὶς
635 2582 682 2613 και
705 2562 915 2631 σελαεξλρίιιιους

138 2651 277 2726 διεξῆλθε
295 2656 419 2734 λόγους·
449 2637 625 2723 κεφάλαιαδ
653 2636 738 2694 αἰετόν)
756 2639 937 2704 τηὲδῖιιῑϊιλῢ·
