1928 2954
140 187 420 257 ANTIQVITATVM
437 190 572 242 ROMAN.
598 193 661 244 LIB.
678 194 725 244 XI.
779 199 828 253 151

63 297 110 355 καί
124 300 168 366 τῆς
181 292 290 352 ἅπαντα
306 295 505 364 ἐπισκοπούσης
518 298 552 351 τά
566 299 657 366 θνητά
684 298 829 371 πράγματα

64 384 141 451 όίκης
165 383 364 453 ἐξηλέγχθησαν
390 381 541 454 τεκμηρίοις
567 379 828 454 ἀναμφισβητήτως.

65 467 94 522 οἱ
107 469 160 541 γάρ
180 469 209 519 ἓν
235 463 407 540 στρατοπίδῳ
433 467 519 535 ταφῆς
545 485 572 518 τε
600 465 729 535 όημοσίας
756 462 830 522 άξιον

65 547 210 622 ἡγούμενοι
224 550 273 605 τόν
286 544 385 620 άνόρα,
400 547 447 603 καί
465 552 556 617 τιμαῖς
568 550 644 621 παρά
657 549 721 613 τούς
735 544 831 615 ἄλλους

66 635 215 709 διαφόροις,
232 633 278 687 ύιιί
291 633 378 687 πολλά
390 634 439 702 μὲν
453 631 498 687 καὶ
514 628 589 701 άλλα,
613 634 729 705 μάλιστα
745 632 773 688 όὲ
787 629 830 687 ότι

64 716 216 792 πρεσβύτης
229 714 274 787 ὢν,
289 715 335 771 καί
350 715 403 771 ύπὸ
415 719 461 784 τῆς
473 711 577 784 ἡλικίας
590 720 740 788 πολεμικῶν
756 714 830 789 άγὼ-

64 822 117 859 νων
130 799 323 872 ἀπολυόμενος,
334 797 369 862 εἷς
382 801 508 857 κίνόυνον
521 801 644 857 ἑκούσιον
660 800 754 856 ίόωκεν
770 807 831 855 ἑαυ-

64 889 111 940 τόν
127 885 194 958 ὑπὲρ
207 887 256 939 τού
271 885 349 957 κοινῇ
362 887 560 957 συμφέροντος,
588 886 752 958 ψηφίζονται
767 905 828 941 συν-

65 971 191 1033 ελθόντες
207 967 243 1032 είς
256 966 283 1023 ἓν
296 966 351 1024 άπὸ
365 971 417 1023 τῶν
436 970 514 1041 τριῶν
528 972 688 1044 ταγμάτων,
714 973 831 1033 ἐξελθεῖν

64 1054 109 1109 ἐπί
123 1057 171 1122 την
191 1049 328 1128 άνεύρεσιν
353 1054 551 1126 τοῦσώματος,
578 1054 621 1108 ἵνα
642 1055 708 1124 μετά
731 1056 830 1123 πολλῆς

65 1135 213 1207 ἀσφαλείας
226 1157 254 1193 τε
267 1137 315 1193 καί
329 1140 405 1209 τιμῆς
418 1137 462 1191 ἐπὶ
481 1137 529 1203 την
555 1138 728 1211 παρεμβολὴν
743 1159 829 1210 παρα·

63 1224 217 1292 κομισθείη.
241 1222 469 1296 συγχωρησάντων
499 1220 527 1274 ύί
554 1224 607 1275 τῶν
631 1218 768 1294 ἡγεμόνων
795 1216 828 1276 δι’

64 1301 215 1375 εύλάβειαν,
228 1306 265 1377 μὴ
280 1325 339 1358 τινα
353 1307 517 1375 παράσχοιεν
527 1300 618 1366 αὐτοῖς
633 1304 754 1375 ὑποψίαν
769 1303 828 1379 περί

66 1390 96 1442 τό
110 1391 222 1462 πρᾶγμα
236 1389 348 1459 βουλῆς,
375 1388 447 1458 καληλ
460 1386 506 1441 καί
521 1389 684 1460 προσήκοντι
700 1388 765 1463 ίργιρ
778 1388 828 1444 ἶνι-

65 1477 200 1543 οτάμενοι,
227 1473 353 1543 λαβόντες
371 1473 404 1523 τά
423 1466 496 1525 ὅπλα
519 1469 636 1544 ἐξῄεσαν.
661 1475 785 1535 ἐλθόντες
800 1467 827 1524 δ’

65 1557 108 1611 ἐπὶ
126 1559 171 1610 τόν
184 1557 276 1620 τόπον,
305 1555 338 1619 ὡς
353 1548 425 1608 εἶόόν
440 1575 465 1608 τε
481 1549 608 1625 ούόοιμού
624 1552 685 1611 οὕτε
700 1556 825 1628 όρυμούς,

64 1636 128 1694 οὔτε
142 1641 295 1716 φάραγγας,
321 1633 379 1694 οὔτ’
399 1633 464 1694 άλλο
489 1660 514 1693 τι
535 1639 642 1713 χοιρίον,
671 1639 741 1695 ἔνθα
756 1638 827 1694 ύπο-

64 1727 186 1790 καθίζειν
201 1724 257 1778 ἐστὶ
270 1725 357 1791 λόχοις
370 1722 443 1790 ἔθος,
457 1720 524 1778 άλλά
539 1724 620 1797 ψιλόν
630 1723 678 1801 καί
692 1726 826 1797 περιφανῆ

64 1806 110 1862 καί
124 1810 290 1882 στενόπορον
304 1807 391 1877 ὄχθον
397 1849 404 1874 ,
431 1803 464 1861 δι’
481 1805 600 1881 ὑποψίας
614 1808 712 1880 ἔλαβον
728 1803 827 1871 ιύθίως

64 1896 93 1947 τό
107 1891 270 1967 πραχθέν·’
262 1913 351 1948 επειτα
366 1896 423 1955 τοῖς
439 1896 542 1996 νεκροῖς
560 1895 771 1966 προσελθόντες,
792 1890 826 1954 ὡς

61 1976 212 2032 εθεάσσντο
228 1980 275 2031 τόν
289 1997 315 2030 τε
330 1978 442 2032 Σίκκιον
456 1972 541 2030 αὐτόν
554 1973 718 2031 ασκύλευτον
731 1977 825 2075 ἐῤῥιμ-

61 2065 151 2133 μένον,
167 2059 211 2114 καί
226 2060 289 2121 τούς
299 2055 426 2123 άλλους”
406 2079 543 2130 απαντας,
566 2063 596 2114 ίν
609 2060 735 2130 θαύματι
748 2079 823 2122 ησοιτ,
876 2074 880 2081 “

62 2164 85 2198 ει
77 2142 220 2214 πολέμιοι
232 2163 410 2217 κρατησαντες
423 2145 536 2215 εχθρῶν,
556 2145 623 2215 μήτε
637 2138 707 2198 ὅπλα
729 2145 824 2215 περιεί-

62 2222 231 2299 λοντο,μήι’
258 2229 363 2296 ἐσθῆτα
389 2225 556 2298 περιίύοσαν.
586 2225 825 2301 όιερευνιύμενοίττ

62 2315 95 2365 τά
110 2313 186 2382 πέριξ
197 2305 316 2381 ἅπαντα,
329 2310 363 2373 ὡς
376 2305 438 2366 ούτε
451 2312 546 2384 στίβον
560 2310 656 2377 ἳππων,
685 2305 742 2365 οὔτ’
755 2311 825 2379 ἴχνος

60 2394 216 2469 άνθριύπων
235 2389 314 2448 ούύὲν
339 2391 463 2470 εὕρισκον
470 2440 479 2465 ,
505 2393 551 2455 ἔξω
564 2397 615 2449 τῶν
628 2393 674 2449 ύιά
688 2397 732 2461 τῆς
746 2393 822 2458 όόού,

61 2480 173 2552 πρᾶγμα
199 2476 338 2550 άμηχανον
363 2477 554 2550 ὑπελάμβανον
575 2473 654 2554 εἶναι,
680 2479 823 2551 πολεμίους

61 2566 228 2633 ἐπιφανῆναι
242 2566 298 2626 τοῖς
311 2565 448 2639 σφετέροις
461 2559 592 2634 άφανεῖς,
606 2558 699 2637 ὥσπερ
709 2559 834 2628 mm&

55 2665 134 2709 τινας,
153 2642 174 2710 ἤ
183 2646 325 2713 διοπετεῖς.
348 2646 416 2727 ὑπὲρ
438 2645 557 2725 (inum
571 2649 601 2708 δὲ
617 2649 730 2713 minu,
754 2640 860 2697 κάτώ
