1928 2954
99 178 134 235 43
203 172 363 225 DIONYSH
380 171 731 224 HALICARNASSENSIS

101 303 151 336 νων
165 281 212 351 μέν
225 281 271 336 διά
284 281 386 345 πενίαν,
402 279 435 333 τά
450 278 477 334 δέ
491 280 604 351 πολέμια
622 281 761 351 γενναῖον,
784 282 876 355 ἐξῆγε,

100 369 346 441 συγκεκροτημένην
367 363 429 432 έχων
444 363 567 435 δύναμιν,
585 362 631 418 καί
644 360 810 436 καταλαβὼν
824 367 876 420 τόν

101 451 202 523 ταμίαν
220 449 351 507 Κοίντιον
372 450 407 503 Τυ
396 467 468 514 τον,
496 445 692 519 ἀναδεχόμενον
714 442 876 518 αὐτοέντην

101 533 268 636 παρουσίαν,
284 532 374 602 λαβὼν
400 532 445 588 καί
470 532 517 598 τὴν
546 532 596 586 σύν
622 530 713 603 ἐκείνῳ
739 530 874 607 δύναμιν,

101 641 135 692 ηγ
137 640 163 674 εν
177 617 222 673 ἐπὶ
236 618 297 681 τούς
312 613 495 716 πολεμίους’
477 636 511 678 ως
524 614 552 670 δέ
565 614 734 672 κατώπτευσε
751 615 802 684 τὴν
818 618 874 672 τῶν

98 703 202 775 χωρίων
217 701 310 772 φύσιν,
326 703 408 764 ένοις
421 720 454 767 ην
467 722 501 755 τα
494 697 700 773 στρατόπεδα,
726 701 810 801 μέρος
821 702 874 772 μέν

101 808 127 841 τι
140 790 186 855 τῆς
199 785 326 859 στρατιᾶς
339 782 383 838 ίπί
397 789 454 847 τοῖς
467 785 607 856 μετεώροις
626 781 776 855 έταξεν,’
758 804 793 848 ως
803 785 873 857 μήτε

99 870 221 941 βοήθεια
247 867 427 941 παραγένοιτο
454 871 511 930 τοῖς
536 865 665 930 Αίκανοις
691 870 776 940 ἑτέρα,
803 868 873 941 μήτε

102 953 220 1026 τροφαί·
249 953 295 1019 τήν
307 950 337 1005 δέ
350 951 448 1051 λοιπην
463 950 578 1023 δύναμιν
594 942 675 1015 αὖτ’ός
688 949 761 1019 έχων,
777 955 872 1026 προῆ-

100 1057 147 1108 γεν
159 1034 379 1109 ἐκτεταγμένην*
363 1056 397 1097 ως
408 1031 444 1098 είς
455 1035 553 1106 μιίχην.
575 1033 619 1089 καί
633 1056 648 1090 ο
640 1035 774 1096 Κοίλιος
788 1030 872 1091 οὐδέν

101 1119 259 1183 ὑποδείσας·
292 1115 309 1187 ἦ
328 1140 355 1174 τε
372 1121 425 1193 γάρ
442 1106 583 1190 δύναμις
569 1139 601 1184 ην
615 1114 630 1186 ἦ
644 1138 705 1192 περι
696 1114 805 1173 αύτόν
819 1113 872 1175 ούιι

101 1202 192 1279 ὀλίγη,
221 1203 267 1260 καί
292 1199 374 1268 αὐτὸς
398 1203 483 1258 ἐδόκει
503 1202 593 1275 φυγὴν
608 1222 641 1256 ου
632 1197 775 1265 κακός
751 1223 821 1258 ειναι
835 1204 871 1259 τά

102 1293 232 1360 πολέμιοι·
250 1291 353 1358 δέχεται
367 1284 452 1343 αύτόν
465 1289 593 1353 έπιόντα,
622 1285 782 1360 καὶγίνεται
795 1288 871 1358 μοίχη

102 1375 226 1448 καρτεροί.
253 1375 356 1448 χρόνον
378 1372 405 1426 δέ
425 1373 528 1428 πολλοῦ
556 1370 725 1439 διελθόντος,
751 1368 798 1426 καί
816 1373 870 1426 τῶν

105 1459 234 1527 Ρωμαίων
249 1458 295 1513 διά
309 1456 372 1519 τούς
387 1460 502 1524 συνεχεῖς
516 1457 650 1527 πολέμους
675 1453 869 1530 ἀναφερόντων

103 1543 148 1594 τόν
162 1542 265 1610 πόνον,
290 1542 341 1594 τῶν
362 1533 389 1592 δ’
403 1537 505 1592 ἱππέων
519 1541 588 1592 κατά
601 1541 631 1592 τό
657 1540 760 1608 κοίμνον
786 1542 869 1614 μέρος

103 1620 143 1675 ἀεί
155 1622 380 1692 ἐπιβοηθούντων
393 1625 451 1682 τοῖς
465 1624 561 1685 πεζοῖς,
575 1618 706 1689 ἡσσηθεὶς
720 1623 868 1695 όΓράκχος

101 1706 284 1759 κατακλείεται
297 1705 377 1757 πάλιν
391 1701 427 1765 είς
440 1705 487 1756 τόν
500 1705 598 1758 ἑαυτοῦ
615 1705 732 1778 χάρακα.
755 1707 803 1762 καὶ
814 1728 867 1781 μς.

103 1788 133 1839 τοί
160 1788 242 1841 τούτο
269 1785 394 1848 Κοίντιος
421 1785 635 1859 περιταφρεύσας
659 1781 744 1840 αὐτόν
771 1787 871 1864 ὑψηλῷ

100 1870 210 1943 γάρακι,
231 1869 276 1925 καί
291 1867 404 1943 πύργοις
417 1872 530 1932 πυκνοῖς
549 1868 711 1943 περιλαβὼν,
733 1870 790 1925 ἐπεί
819 1877 871 1928 κοί-

100 1974 201 2023 μνσντα
215 1953 302 2026 έμαθε
325 1954 377 2006 τῶν
403 1949 556 2024 ἀναγκαίων
572 1951 604 2026 τῇ
621 1954 728 2021 σπάνει,
743 1949 827 2020 αὐτός
842 1979 870 2012 τε

102 2041 256 2112 προσβολάς
280 2040 395 2093 έποιείτο
422 2040 538 2106 συνεχεῖς
552 2038 620 2111 πρὸς
634 2039 680 2093 τδν
690 2038 800 2113 χάρακα
815 2044 869 2095 τῶν

101 2121 234 2196 Αἰκανῶν,
256 2121 303 2178 καί
316 2122 352 2195 τῷ
365 2123 493 2194 Μινυκίῳ
504 2123 663 2195 προσέταξεν
678 2119 733 2176 ἀπὸ
748 2124 800 2179 τῶν
813 2127 867 2180 ἑτέ·

101 2229 155 2278 ρων
169 2210 263 2270 ἐξιέναι
276 2209 371 2281 μερῶν.
398 2200 459 2262 ὥστ’
479 2203 696 2281 ἠναγκάσθησαν
711 2206 738 2262 οῖ
751 2204 867 2263 Αἰκανοί

101 2297 201 2364 τροφῆς
215 2287 236 2347 τ’
257 2289 457 2367 ἀπορούμενοι,
485 2289 531 2345 καί
557 2292 704 2362 συμμάχων
731 2292 866 2361 βοήθειαν

101 2372 291 2449 ἀπεγνωκότες,
306 2373 530 2447 πολιορκούμενοί
543 2395 571 2429 τε
585 2377 763 2442 πολλαχόθεν,
780 2374 864 2443 ἱκετη-

101 2460 160 2531 ρίας
174 2457 354 2531 (ἀναλαβόντες
366 2457 610 2533 ἐπιπρεσβεύεσθαι
629 2461 693 2532 πρὸς
713 2460 760 2514 τόν
779 2458 863 2513 Κοίν·

94 2565 154 2602 τιον
168 2542 230 2623 περί
244 2545 338 2622 φιλίας
362 2543 556 2618 διαλεγόμενοι.
570 2544 585 2597 ό
601 2543 628 2597 δέ
643 2546 698 2605 τοῖς
712 2543 760 2609 μέν
775 2538 865 2607 ἀλλοις

81 2631 218 2706 Λίκανσῖς
239 2636 293 2714 ἔφη
310 2634 505 2705 σπένδεσθαι,
522 2627 570 2687 καὶ
584 2626 692 2683 διδόναι
703 2628 762 2686 τότε
773 2624 879 2686 offam·
