1928 2954
166 166 443 234 ANTIQvl‘rATvM
463 165 599 216 ROMAN.
616 167 681 220 LIB.
692 165 725 218 X.
789 171 822 226 33

56 274 118 328 σιόν
141 269 247 345 οἰκιῶν,
275 269 415 343 δσφόλτου
440 269 486 325 καὶ
511 271 609 340 πέσσης
633 273 824 347 πεπυρωμένης

57 355 156 429 ιέγγεῖα
172 355 332 426 σφενδόναις
350 357 566 429 ἐναρμόττοντες,
593 356 742 426 ἐπέβαλλον
758 353 824 427 δπέρ

59 441 105 496 τόν
123 441 221 511 λόφον·
256 438 283 495 ολ
302 439 330 494 δέ
348 439 549 514 συμφοροῦντες
568 435 656 494 αδτῶν
675 441 825 541 φακιόλους

57 525 219 598 φρυγάνων,
247 523 294 579 καὶ
318 524 394 598 παρὰ
420 526 477 587 τοῖς
494 519 693 595 δποτόμοις”
662 543 708 592 της
726 525 824 596 πέτρας

58 607 171 680 βωμοὺς
184 608 327 680 ἐγείροντες
341 604 517 680 υφηλοδς,’
503 609 639 678 υφῆπτον,
667 603 755 708 ἀνέμῳ
772 628 825 662 πα·

57 691 213 767 ραδιδόντις
226 693 273 756 τός
285 691 388 793 φλόγας
400 691 530 796 έπιφόριρ.
563 685 626 747 ὅσοι
645 676 710 745 δ’
694 711 765 759 ησαν
778 687 824 745 ἅν·

58 774 222 878 δρειότατογ,
255 774 441 837 πυκνώσαντες
472 774 536 839 τσός
566 777 675 846 λόχους,
703 778 825 877 ἐχώρουν

57 878 115 913 ανω
133 861 202 914 κατὰ
222 860 269 922 τός
283 859 487 959 χειροποιήτους
507 848 645 924 ὁδους.’
628 879 662 929 ην
683 852 712 914 δ’
731 854 825 924 αὗτολς

58 963 122 997 ουτε
140 963 189 998 τον
208 943 389 1017 πλήθους,
374 964 395 997 ω
414 943 488 1016 παρέ
512 942 583 998 πολὺ
599 944 652 998 τῶν
670 938 823 998 αντιπιέλων

58 1030 201 1102 προεῖχον
228 1022 323 1098 έφελος
340 997 424 1082 οὐδέν
442 1025 488 1082 διό
501 1029 593 1096 στενῆς
613 1046 735 1083 ανιουσιν
755 1025 823 1082 όδου

57 1132 103 1166 και
94 1109 279 1181 πληθοέισης
298 1111 439 1184 προβόλων
452 1103 564 1179 ἄνωθεν
582 1112 823 1185 ἐπικαταραττομέι

57 1214 123 1266 νων,
148 1195 217 1250 ἔνθα
238 1193 508 1262 συνεξισωθὴσεσθαι
526 1190 611 1266 ’έμελλε
629 1192 668 1266 τῷ
686 1193 774 1266 πολλῷ
794 1195 824 1248 τό

57 1275 166 1349 ὀλίγον·
198 1275 320 1347 οὕτετῆς
346 1279 421 1350 παρὰ
446 1278 479 1330 τό
507 1275 581 1332 δεινοὶ
607 1274 757 1348 ὑπομονῆς,
789 1272 822 1343 ἣν

57 1364 167 1425 πολλοῖς
179 1361 389 1428 καταστήσαντες
403 1363 530 1431 πολέμοις
543 1354 624 1464 ελχρν,
639 1355 751 1432 οὗδεμλα
763 1357 824 1417 όνπ-

57 1467 100 1509 ωις
113 1446 180 1519 πρός
193 1442 307 1519 ὄρθι’συς
317 1446 483 1515 βιαζομένοις
496 1445 617 1508 σκοπιάς.
625 1439 824 1517 οὔγιέρσυστό-

60 1529 109 1596 δην
135 1528 301 1599 μαχομένους
324 1527 375 1582 ἔδει
401 1530 431 1583 τό
457 1524 589 1601 ευτολμον
603 1548 648 1583 και
666 1530 823 1633 γαρτερικόν

60 1610 269 1678 ἀποδείξασθαι,
282 1607 337 1667 αλλ’
351 1613 490 1683 ἑκηβόλοις
500 1614 622 1685 χρησθαι
634 1613 740 1685 μάχαις.
755 1599 824 1678 ἦσαν

59 1697 88 1751 δὲ
116 1697 166 1750 τῶν
191 1697 239 1766 μέν
257 1697 415 1752 κότωθεν’
402 1694 447 1751 επὶ
466 1696 500 1750 τό
494 1697 635 1800 μετέωρα
653 1697 823 1768 βαλλομένων

59 1779 186 1852 βραδεῖαὶ
205 1791 233 1834 τέ
251 1777 295 1833 καὶ
314 1778 451 1847 ἀσθενεῖς,
480 1776 504 1834 ελ
522 1777 570 1836 καὶ
589 1778 706 1851 τύχοιεν,
735 1775 823 1856 ὥσπερ

10 1924 14 1935 .
58 1862 141 1936 εἰκός,
168 1861 323 1938 αἶπληγαέ·
350 1860 444 1919 τῶνδ’
463 1859 511 1935 εἶφ’
525 1860 614 1938 ὕφους
628 1866 698 1920 κότω
712 1868 823 1937 ριπτου·

57 1951 156 2018 μένων,
192 1944 275 2011 ὀξεῖαι
298 1949 344 2004 καὶ
370 1946 510 2022 καρτεραὶ,
543 1947 743 2022 συνεργοέιντων
769 1952 823 2011 τοῖς

56 2032 175 2104 βλὴμασι
195 2030 241 2085 καὶ
261 2033 311 2084 τῶν
335 2030 410 2086 έδίων
423 2033 523 2105 βαρῶν.
551 2027 584 2088 οὗ
601 2033 654 2103 μὴν
668 2030 784 2101 ἔκαμνόν
798 2025 822 2102 γ’

56 2115 85 2170 οἱ
98 2116 312 2190 προσβάλλοντες
325 2118 380 2178 τοῖς
393 2114 536 2189 ἐρύμασιν,
555 2112 624 2170 ιλλλό
639 2115 823 2188 διεκαρτέρουν

58 2197 313 2271 ιίναγκοφοροέιντες
330 2201 363 2254 τό
376 2198 463 2263 δεινοὶ,
489 2194 551 2253 οὔτε
561 2192 674 2272 ἡμέρας,
702 2191 764 2276 οὔτε
778 2217 823 2251 νυ-

57 2284 119 2345 κτός
138 2281 342 2353 ἅναπαυόμενοι
359 2284 412 2336 τῶν
431 2286 530 2338 πόνων.
557 2283 630 2346 τέλος
648 2276 676 2336 δ’
691 2277 823 2336 οὖνὺπο-

56 2367 190 2422 λιιτόντων
203 2367 265 2430 τούς
276 2369 519 2439 πολιορκουμένους
532 2367 583 2421 τῶν
596 2366 688 2436 βελῶν,
712 2363 758 2419 καὶ
772 2367 823 2419 τῶν

55 2451 186 2521 σωμάτων
203 2450 451 2521 έξαδυνατοέιντων,
478 2450 553 2525 τρέτη
572 2451 605 2503 τιὶ
626 2449 745 2524 φρούρια
765 2451 821 2508 ἐξε-

56 2530 265 2609 πολιόρκησαν
252 2537 344 2608 ημέρρι.
363 2538 391 2589 έν
405 2534 489 2612 ταύτῃ
504 2533 537 2610 τῇ
552 2536 624 2610 μάχῃ
637 2531 766 2592 πολλους
772 2539 832 2583 Pm-

45 2621 126 2683 μαῖαι
142 2617 192 2671 καὶ
209 2614 343 2690 α’γαθοδς
367 2613 476 2702 ἄνδρας
494 2618 666 2700 ἀπέβαλον
698 2618 787 2691 τρέπε
778 2626 856 2666 ww

73 2695 188 2744 mom
209 2698 239 2746 Τ
250 2702 303 2754 Ν
688 2697 719 2748 C.
