1928 2954
189 186 467 254 ANTIQVITATVM
485 186 622 239 ROMAN.
640 188 705 238 Llss.
722 187 768 240 xl.
820 195 867 248 111

104 313 146 355 τις
159 290 185 348 οἶ
196 295 334 357 πείσαντες
347 288 444 356 αὐτοὺς
454 294 539 366 λόγοι,
552 288 597 348 καί
612 288 665 347 δττδ
678 294 757 349 τλνων
770 297 867 368 ρηθέν-

104 398 145 440 τες
171 375 285 453 άνδρῶν,
313 376 358 432 καί
385 378 483 451 πάντα,
509 371 560 431 ὅσα
588 381 795 449 παρακολουθεῖ
814 382 868 443 τοῖς

105 463 254 536 πράγμασι,
271 461 445 530 διδαχθῆναι.
472 460 571 524 τοῖςδί
597 452 743 525 πολιτικοῖς
770 460 869 534 άνδρά-
937 484 940 489 ·

106 565 163 613 σιν,
191 551 219 601 ἐν
238 539 278 619 οἷς
301 545 380 621 ἴγωγε
407 546 520 616 τίθεμαι
545 542 667 609 καίτοδς
694 548 869 616 φιλόσόφονς,

107 627 167 685 ὅσοι
182 632 217 700 μί
233 632 327 704 λόγων,
341 624 397 685 ἄλλ’
411 629 493 704 ἔργων
507 631 594 684 καλῶν
608 626 723 698 ἄσκησιν
736 626 867 703 ἡγοῦνται

105 716 153 782 triv
167 717 339 787 φιλοσοφίαν,
366 710 396 769 τό
408 716 456 786 μὲν
470 709 588 781 ἥδεσθαι
602 715 636 788 τῇ
650 717 774 769 παντελεῖ
799 718 869 769 θεω-

105 799 151 873 ρίᾳ
165 802 216 854 τῶν
230 798 516 873 παρακολουθούντων
530 801 585 862 τοῖς
598 800 757 874 πράγμασι,
780 801 870 855 κοινόν

107 880 196 957 ὥσπερ
216 882 262 938 καί
277 887 333 946 τοῖς
354 877 444 947 άλλοις
458 880 615 954 άνθράποις
642 882 766 957 ὑπάρχει·
790 882 869 955 χωρίς

108 967 135 1022 δὲ
150 972 196 1036 τῆς
208 963 305 1036 ἡδονῆς
331 969 493 1040 περιγίνεται
508 970 539 1042 τό
553 967 612 1037 περί
627 969 689 1031 τοὺς
704 965 870 1041 άναγκαίοις

106 1055 216 1124 καιροὺς
231 1055 335 1125 μεγάλα
355 1055 401 1117 τάς
419 1053 506 1117 πόλεις
524 1056 553 1106 ἐκ
571 1055 617 1119 τῆς
636 1052 762 1121 τοιαύτης
781 1057 869 1124 ἐμπει-

105 1139 165 1211 ρίας
178 1133 296 1208 ὠφελεῖν,
324 1136 367 1192 καί
380 1133 456 1210 άγειν
470 1132 553 1200 αὐτάς
565 1136 679 1198 λκοὺσας
692 1135 736 1191 ἐπί
750 1139 784 1192 τά
798 1157 869 1208 συμ-

104 1224 222 1293 ηέρουτα
238 1221 283 1276 διά
297 1224 346 1276 τοῖι
360 1224 450 1293 λόγου.
468 1222 555 1293 ῥᾷστα
568 1222 622 1295 γάρ
636 1218 663 1274 οἱ
676 1216 824 1294 άνθρωποι
837 1223 871 1274 τά

106 1301 127 1358 τ’
153 1301 308 1375 ὠηελοῖιντα
335 1305 380 1359 καί
408 1305 565 1372 βλάπτοντα
590 1306 868 1376 καταμανθάνουσιν,

105 1384 172 1442 ὅταν
185 1387 228 1443 ε’πί
243 1388 466 1461 παραδειγμάτων
483 1390 567 1443 ταῦτα
582 1391 686 1443 πολλῶν
700 1388 796 1463 δρῶσι,
824 1389 869 1444 καί

106 1475 163 1534 τοῖς
188 1473 231 1526 ἐπὶ
258 1476 343 1528 ταῦτα
370 1473 575 1545 παρακαλοῦσιν
604 1468 703 1537 αὖτοὺς
737 1475 869 1546 φρόνησιν

105 1559 282 1629 μαρτυροῦσι,
298 1556 342 1611 καί
357 1557 457 1623 πολλὴν
470 1560 580 1627 σοφίαν.
596 1557 642 1611 διά
657 1556 756 1620 ταύτας
772 1558 803 1625 δι’]
821 1578 868 1628 μοι

106 1645 153 1705 τάς
168 1640 255 1705 αἰτίας
281 1642 367 1706 ἔδοξεν
387 1638 493 1697 ἅπαντα
511 1641 627 1713 άκριβίις
643 1642 761 1698 διελθεῖν
774 1644 806 1697 τά
820 1665 866 1715 γε-

106 1729 204 1796 νόμενα
217 1724 278 1798 περί
291 1728 338 1795 την
352 1727 497 1782 κατάλυσιν
513 1731 555 1795 τῆς
582 1723 750 1800 ὀλιγαρχίας,
768 1722 819 1782 ὅσα
836 1726 868 1790 δη

106 1808 151 1866 καί
167 1813 249 1882 λόγου
264 1814 352 1880 τυχεῖν
370 1806 432 1874 άξια
451 1806 579 1885 ἡγοῦμαι.
599 1812 748 1882 ποιήσομαι
770 1811 797 1866 δι’
821 1813 866 1865 τόν

105 1895 166 1968 περί
182 1891 270 1950 αὐτῶν
283 1898 372 1970 λόγον,
398 1890 446 1949 οὔκ
462 1892 517 1950 άπὸ
537 1898 587 1949 τῶν
608 1896 762 1950 τελευταίων
783 1894 868 1968 άρὲά-

104 2000 199 2051 μενος,
227 1974 244 2033 ίί
266 1979 338 2034 δοκεῖ
360 1983 415 2042 τοῖς
434 1982 544 2042 πολλοῖς
564 1981 636 2034 αίτια
655 1982 782 2050 γενέσθαι
796 1981 869 2050 μόιιε

106 2067 151 2132 τῆς
170 2064 337 2137 ἐλευθερίας,
365 2067 430 2135 λέγω
455 2064 486 2128 δη
507 2066 558 2117 τῶν
576 2061 637 2136 περὶ
659 2064 706 2129 την
727 2064 867 2134 παρθένον

106 2147 317 2222 ἁμαρτηθέντων
330 2143 442 2218 Ἀππίῳ,
468 2148 513 2201 διά
528 2150 574 2201 τόν
594 2145 692 2219 ίρωτα·
720 2147 865 2220 προσθήκη

105 2235 157 2304 γάρ
173 2226 241 2298 αὕτη
256 2252 292 2301 γε,
309 2229 355 2284 καί
369 2231 505 2285 τελευταία
526 2234 571 2298 τῆς
585 2227 666 2302 ὀργῆς
681 2232 731 2283 τῶν
746 2229 861 2301 δημοτῶν

105 2314 189 2380 αἰτία,
204 2317 305 2387 μυρίων
320 2318 370 2369 τῶν
382 2310 468 2370 ἄλλων
481 2315 723 2388 προηγησαμίνων·
747 2309 803 2368 άλλ’
818 2309 867 2381 ἄρ’

105 2388 141 2454 ὧν
156 2395 251 2471 ἤρξατο
266 2401 370 2473 πρῶτον
385 2395 490 2466 ἡπόλις
506 2398 557 2454 ίιπό
579 2403 624 2466 τῆς
638 2398 776 2470 δεκαρχίας
792 2396 862 2468 ὑβρί-

103 2487 214 2550 ζεσθαι,
240 2486 325 2538 ταῖιτα
352 2486 457 2558 πρῶτον
482 2487 546 2558 ε’ριίι,
571 2483 616 2537 καί
644 2481 750 2556 διέξειμι
777 2484 866 2542 πάσαις

102 2571 193 2635 εἠεξῆς
209 2570 254 2630 τάς
269 2570 299 2623 ἐν
312 2568 346 2644 τῇ
358 2570 415 2626 τότε
429 2569 599 2628 καταστάσει
610 2566 780 2645 γενηθεὶοοε
790 2581 890 2632 ΜΨ

88 2668 192 2716 νομιας,
