1928 2954
144 200 195 254 360
273 193 435 244 DIONYSII
453 192 794 275 HALJOERNQSSENms

144 321 183 365 το,
206 299 254 354 τοῦ
268 298 305 368 αή
319 299 466 354 δεδοικέναι
488 299 521 353 τά
544 300 670 370 πολέμια,
697 299 796 366 πλήθει
810 301 903 374 μακρῷ

144 377 312 454 προῦχοντα,
342 382 421 439 δόξαν
439 383 552 449 ποιήσαι
571 383 740 454 βουλόμενοι.
766 381 801 448 ὥς
814 377 844 438 δ’
859 381 904 440 εό-

144 470 225 536 τρεπή
240 464 403 541 άμφοτίροις
415 468 450 521 τά
464 463 500 530 εἷς
511 467 598 537 μάχην
611 461 720 522 ἅπαντα
734 455 774 531 ήν,
796 460 905 537 ἐξῄεσαν

145 547 180 614 εἷς
198 552 228 605 τό
250 551 359 605 πεδίον·
385 548 431 604 καὶ
456 550 634 620 συμπεσόντες
652 549 812 622 ἠγωνίζοντο
829 553 905 622 μέχρι

144 633 278 703 μεσούσης
292 629 398 705 ἡμέρας,
419 627 475 686 οὔτ’
490 635 602 695 εἴκοντες
615 636 669 696 τοῖς
685 633 831 706 πολεμίοις,
848 628 904 688 οὔτ’

144 718 338 787 ἐπιβαίνοντες,
365 713 406 770 άεί
424 714 452 770 δέ
475 717 507 770 τό
531 716 634 787 κάμνον
652 718 731 789 μέρος
751 714 916 785 άνισοῦιιτες,

145 803 200 861 τοῖς
213 799 257 855 ε’πί
269 801 329 863 ταῖς
341 798 488 872 ἐφεδρείαις
502 802 669 871 τεταγμένοις
681 798 809 872 ἑκάτερόν.
821 792 863 854 44’ἐν
877 790 960 860 δίτῖὶ·Ἰ

143 881 229 954 τοότῳ
246 883 362 954 μάλιστα
381 881 408 936 οἱ
425 878 540 936 Αἰκανοί
558 880 604 937 καί
627 879 808 953 Οὐολοῦσκοι,
834 881 904 949 πλή-

143 969 189 1019 θει
204 966 254 1018 τῶν
270 963 409 1037 Ῥωμαίων
423 960 599 1037 προῦχοντες,
624 963 770 1037 άνέφερον,
799 964 844 1020 καί
858 985 905 1020 πε·

142 1050 248 1119 ριήσαν,
273 1050 325 1102 τῶν
337 1047 470 1119 πολεμίων
484 1043 535 1102 οιίκ
547 1048 658 1114 ἐχόντων
671 1050 730 1102 ἴσον
745 1047 777 1120 τῇ
790 1051 904 1119 προθυ-

141 1133 190 1203 μίᾳ
209 1131 239 1186 τό
259 1135 372 1199 πλῆθος.
399 1130 414 1186 ό
438 1129 468 1184 δέ
486 1129 625 1196 Κοίντιος,
659 1130 729 1203 δρῶν
749 1130 857 1203 νεκροίις
875 1151 903 1188 τε

143 1215 258 1279 πολλοὺς
282 1217 333 1270 τῶν
359 1216 504 1287 σφετέρων,
528 1213 575 1269 καὶ
601 1215 652 1268 τῶν
678 1215 823 1284 περιόντων
841 1215 904 1278 τούς

145 1298 286 1362 πλείστους
298 1300 478 1373 τραυματίας,
500 1300 622 1370 ἐμέλλησε
639 1299 687 1367 μέν
706 1294 904 1354 ἀνακαλεῖσθαι

146 1385 193 1447 τήν
218 1381 340 1453 δίιναμτν·
372 1380 462 1442 δείσας
482 1379 524 1447 δέ,
550 1382 586 1450 μή
605 1381 684 1443 δόξαν
703 1382 828 1455 παράσχῃ
848 1385 904 1445 τοῖς

144 1469 279 1538 πολεμίοις
302 1467 401 1537 φυγῆς,
432 1465 692 1534 παρακινδυνευτέον
716 1465 811 1535 σφίσιν
836 1459 903 1519 εἶναι

143 1549 216 1619 ἔγνω.
241 1549 419 1618 ἐπιλεξάμενος
434 1545 463 1600 δέ
475 1548 527 1600 τῶν
546 1545 646 1602 ἱππέων
660 1548 723 1609 τοὺς
735 1549 901 1621 κρατίστους,

142 1634 211 1685 κατά
225 1633 255 1684 τό
269 1631 362 1701 δεξιόν,
389 1616 409 1702 ᾧ
421 1630 538 1699 μάλιστα
552 1629 676 1700 ἔκαμνον,
695 1633 752 1693 τοῖς
766 1633 902 1706 σφετέροις

142 1715 322 1785 παρεβοήθει.
343 1710 388 1767 καί
400 1715 433 1766 τά
446 1711 494 1782 μέν
506 1715 632 1784 ἐπιτιμῶν
645 1716 701 1776 τοῖς
713 1709 839 1786 ἡγεμόσιν
851 1709 903 1768 αὖ·

144 1800 200 1859 τοῖς
214 1798 260 1864 τής
272 1794 427 1868 άνανδρίας,
445 1796 480 1849 τά
494 1792 520 1848 δ’
545 1793 753 1866 ὑπομιμνήσκων
767 1799 818 1850 τῶν
832 1816 902 1868 πρυ-

141 1884 221 1948 τὲρων
242 1877 366 1953 άχὼνοιν,
392 1879 427 1933 τά
449 1877 477 1932 δέ
496 1879 544 1945 τήν
563 1877 690 1948 αἰσχύνην
710 1881 901 1951 ἐπιλεγόμενος,

143 1964 248 2018 καὶτὸν
267 1963 401 2028 κίνδυνον,
427 1956 456 2022 ὃς
483 1964 689 2034 καταλήψεσθαι
710 1960 810 2025 αὐτοὺς
825 1961 902 2033 ἐμελ-

142 2049 185 2101 λεν
199 2050 227 2102 ἐν
239 2048 273 2120 τῇ
291 2045 379 2120 φυγῇ·
399 2047 524 2103 τελευτῶν
541 2040 612 2101 εἶπεν
624 2042 675 2101 οὐκ
690 2043 796 2114 άληθή·
824 2040 841 2099 ά
850 2047 901 2116 μά·

143 2133 218 2186 λιστα
237 2131 285 2203 μέν
303 2134 359 2193 τοῖς
378 2130 516 2201 σφετέροις
533 2131 641 2204 θάρσος
660 2131 818 2199 παρέστησε,
843 2131 902 2192 τοῖς

143 2216 170 2268 δὲ
190 2213 324 2286 πολεμίοις
341 2213 406 2276 δέος.
438 2212 488 2285 ἔφη
502 2215 570 2287 γάρ,
594 2209 636 2267 ὅτι
657 2215 687 2268 τό
706 2210 794 2284 ἕτερον
813 2207 901 2267 ον’τῶν

142 2294 193 2365 ἤδη
224 2300 302 2368 κε’ρας
332 2298 422 2360 ε’ξέισσε
452 2296 515 2361 τοός
548 2297 709 2366 πολεμίους,
745 2294 791 2350 καί
823 2296 900 2369 ἐχγδς

142 2377 192 2449 ήδη
225 2380 281 2436 ἐστί
314 2383 361 2435 τοῦ
394 2379 499 2434 ἐκείνων
527 2381 652 2452 χάρακος.
692 2374 767 2434 ταῦτ’
805 2376 897 2444 εἰπὼν,

140 2463 233 2519 ἐνσείει
258 2466 313 2526 τοῖς
336 2463 496 2537 πολεμίοις,
537 2460 582 2517 καί
616 2464 737 2534 καταβάς
768 2461 825 2517 άπό
850 2462 899 2516 τοῦ

131 2547 244 2621 ίππου,
273 2546 325 2605 σάν
351 2549 408 2615 τοῖς
435 2541 500 2622 ἄμφ’
523 2543 603 2603 αἰετόν
630 2545 837 2608 ἐπιλέκτσιςτῶν
856 2543 898 2600 ἶπ-

120 2639 197 2692 πέοιν
217 2636 371 2699 συστάδην
397 2636 530 2707 ἐμάχετο.
563 2636 593 2690 έκ
612 2629 642 2685 Ns
662 2625 762 2684 τουτου
780 2627 919 2695 τολμάεις,
