1928 2954
164 212 214 266 102
273 204 440 257 =D10NYSII
457 203 800 259 HALICARNASSENSIS

162 331 231 369 κυνα
247 309 275 367 δή
288 312 336 366 τόν
356 309 421 384 ιἰπίρ
436 305 525 366 αότεῖν
544 313 634 384 λόγον,
660 314 709 367 τυῖι
720 311 757 384 μή
773 330 831 365 τινα
844 313 919 364 θαυ·

160 397 253 499 μρῖσαι,
268 398 321 460 πῶς
335 393 475 465 ῖπὲμειναν
489 394 516 451 οῖ
529 396 664 469 πατρίκιοι
678 394 834 466 τηλικαύτης
846 399 919 459 ἐξου-

161 481 344 546 σίαςποιήοαι
358 480 405 534 τόν
428 480 516 581 δῆμον1
538 483 640 556 κίιριον,
667 476 844 552 οὕτεοφαγῆς
867 479 920 534 τῶν

160 563 275 638 οῖρίστων
295 563 398 637 ἀνδρῶν
422 566 571 638 γενομένης,
599 560 660 621 οῖ’τε
684 568 779 636 φυγῆς,
805 557 866 619 οἷον
890 567 919 618 ἐν

159 646 251 713 ἄλλοις
265 652 409 710 πολλοῖς’
395 651 499 720 εγίνετο
513 651 612 705 πόλεσι.
639 652 724 704 ποθεῖ
736 650 787 720 γιίρ
808 645 918 714 ἕκαστος

159 733 204 790 ἐπὶ
217 737 273 797 τοῖς
287 733 447 804 παραδόξοις
465 731 620 805 ιίκούσμασι
646 735 693 802 τήν
707 729 796 787 αῖιίαν
808 735 918 803 μαθεῖν,

159 817 204 873 καῖ
218 820 248 873 τό
263 820 357 872 πιστὸν
375 821 405 872 ίν
423 817 507 890 ταίιιη
527 819 636 872 τίθεται
648 821 727 890 μόνη.
762 816 917 888 ἐλογιζόμην

159 891 224 969 οιῖν,
251 899 292 956 ὅτι
303 923 350 970 μοι
371 904 471 958 πολλοῖι
485 902 531 958 καί
551 905 598 957 τοῖν
613 903 712 964 παντός
726 900 810 968 δεήσει
825 901 916 965 πιστός

158 981 254 1041 εῖναιό
273 989 359 1057 λόγος,
385 982 408 1040 εί
433 990 563 1041 τοσοῦτον
577 986 643 1055 ἔφην
656 988 749 1055 μόνον,
774 981 916 1059 ίτιπαρή.

157 1089 207 1124 καν
221 1067 247 1123 οῖ
257 1071 391 1143 πατρίκιοι
404 1073 460 1133 τοῖς
482 1071 636 1142 δημοτικοῖς
662 1072 709 1136 τήν
721 1071 821 1124 ἑαυτῶν
836 1067 917 1125 δυνα-

158 1155 256 1223 στείαν,
282 1154 397 1210 καίέξόν
418 1151 550 1216 αυτοῖςέν
577 1152 770 1226 ιῖριστοκρατίρι
783 1153 916 1209 πολιιεόε·

158 1244 236 1308 σθαι,
263 1239 310 1293 τόν
330 1238 414 1309 δῆμον
440 1239 570 1308 ε’τιοίηυαν
596 1240 647 1293 τῶν
671 1236 917 1311 μεγίστωνκίιριον,

158 1320 190 1377 δι’
208 1317 239 1385 τίς
263 1321 290 1376 δὲ
314 1322 487 1393 συνεχωρήθη
517 1325 604 1378 ταῦτα
622 1319 725 1386 αίτίας,
751 1323 915 1394 παρέλιπον·

157 1406 202 1461 δια
215 1408 296 1461 τοῖινο
311 1409 456 1474 ἐπεξῆλθον
470 1405 585 1512 ιῖιιρίσας.
601 1404 645 1462 καί
658 1404 746 1471 ἐπειδή
761 1401 809 1474 οὐχ
821 1399 915 1472 ὅπλοις

158 1489 286 1558 υῖλλήλους
298 1492 459 1562 βιασόμενοι
474 1513 519 1545 και
543 1491 820 1564 προσαναγκάσαντες,
847 1487 914 1546 οῖλλιί

157 1578 247 1647 λόγοις
272 1577 407 1638 πείσαντες
436 1576 640 1664 μεθήρμοσαν,
671 1582 770 1637 παντὸς
799 1575 915 1646 μάλιστα

157 1658 305 1728 ιῖναγκαῖον
331 1654 472 1746 ήγηυιίμην
499 1653 583 1728 εῖναι,
616 1658 677 1721 τοῖς
705 1661 800 1731 λόγους
825 1653 912 1715 αότιῖιν

158 1743 234 1803 διεξελ
222 1746 305 1812 λθεῖν,
333 1747 373 1805 οίς
398 1744 455 1796 τότε
481 1741 794 1806 οῖδυναοτείοντεςόν’
783 1744 915 1817 εκατέροις

156 1828 309 1900 ἐχρήσαντο.
337 1828 512 1898 θαυμάσαιμι
526 1823 555 1881 δ’
569 1824 618 1896 ι’ίν,
644 1830 672 1883 εἶ’
681 1848 747 1891 τινες
760 1828 806 1889 τιίς
819 1831 847 1883 ἐν
860 1830 916 1892 τοῖς

156 1913 279 1983 πολέμοις
292 1914 398 1981 πριίξεις
423 1908 538 1982 ιίκριβαῖς
551 1913 655 1967 οἴονται
669 1911 724 1965 δεῖν
738 1908 914 1984 σῖναγροίφεεν,

156 1995 200 2050 καῖ
215 1996 275 2069 περὶ
288 1996 354 2064 μίαν
368 1993 438 2050 ἔστιν
452 1991 495 2050 ὅτε
508 1997 595 2068 μιίγην
608 1994 722 2058 πολλοῖς
739 1993 915 2052 αὐαλίσκουυι

155 2082 259 2153 λόγους,
287 2081 373 2136 τόπων
388 2099 414 2133 τε
428 2080 533 2151 φήσεις,
560 2077 606 2134 καί
624 2079 759 2149 ὁπλισμῶν
773 2076 913 2151 ἰδιότητας,

154 2165 309 2223 καίτιίξεων
335 2165 459 2234 τρόπους,
487 2164 533 2219 καὶ
558 2166 711 2236 στρατηγῶν
724 2166 913 2237 παρακλήσεις,

154 2250 201 2304 καὶ
215 2244 297 2303 τίλλει
312 2248 455 2318 διεξιόντες,
483 2244 534 2303 ὅσα
561 2251 606 2315 τής
619 2248 691 2314 νίκης
704 2250 777 2303 αἴτια
790 2251 847 2312 τοῖς
861 2251 913 2304 ἑτέ·

154 2354 212 2406 ροις
225 2338 339 2402 ἐγενετο·
354 2333 489 2395 πολιτικός
502 2333 530 2387 δι’
545 2334 656 2431 κινήρεις
672 2331 716 2386 καὶ
731 2333 833 2396 σιιίσεις
846 2330 913 2388 υῖνα·

146 2418 319 2514 γράφοντες,
338 2436 386 2470 ουκ
403 2418 505 2471 οῖόνιαι
525 2412 618 2470 δεῖν’
601 2436 706 2520 ριπαγγε
702 2417 775 2471 ’λλειν
788 2416 850 2480 τοὺς
862 2417 912 2471 λό-

142 2519 223 2567 γους,
252 2487 319 2554 δι”
300 2520 335 2554 ων
355 2499 385 2554 αῖ
405 2500 554 2607 παράδοξοι
567 2520 614 2553 και
605 2498 791 2570 θαυμασταί
804 2502 910 2572 νιριίξεις

129 2581 362 2653 ε’ντετελευθησαν.
389 2582 414 2644 εί
436 2588 494 2664 γιίρ
513 2607 540 2643 τι
560 2583 606 2643 και
633 2577 747 2640 αλλο”
719 2604 767 2654 της
774 2579 910 2650 Ῥωμαίων

113 2664 261 2729 πολιτείας
269 2674 350 2749 μέγα
373 2675 550 2755 ἐγκώμιάν’
537 2696 616 2752 εστι,
646 2693 694 2730 και
680 2668 863 2741 ζηλυυοδυι
870 2663 931 2719 ‘m
