1928 2954
192 110 470 180 ANTIQVITATVM
490 111 626 163 ROMAN.
642 110 709 163 LIB.
728 110 762 163 X.
831 117 864 172 77

99 216 302 293 ὑπηρετοῦντας
328 213 421 281 αὐτοῖς
452 213 578 280 ίδίώτας·
611 202 648 271 ὧν
680 219 864 290 κολαζομένων

98 300 186 375 ἔμελλε
200 306 257 366 τοῖς
270 305 379 366 πολλοῖς
397 302 449 356 τῶν
473 301 590 355 πολιτῶν
614 301 729 356 ἐλάττων
751 300 865 358 ἔσεσθαι

101 387 191 461 λόγος,
217 381 307 462 ὥσπερ
332 407 347 441 ο
367 387 477 449 Σίκκιος
501 383 658 444 ὑπετίθετο
686 405 761 462 περι
738 383 795 440 δὲ
815 389 865 442 τοῦ

99 468 272 538 αλήθίιυς“
237 490 289 525 των
310 468 364 526 ὕπδ
384 471 432 534 τάς
452 467 540 532 αἰτίας
561 467 770 568 άγθησομὲνωνζ,
798 465 865 526 ὅσοι

98 549 168 610 εἶναι
182 555 249 629 χρή,
276 553 322 610 καί
333 553 395 629 περί
407 574 458 609 του
442 550 623 658 ὀνόματοςρ
649 548 664 608 6
661 548 866 623 θήσονται
833 576 866 629 τη

100 638 170 712 δίκῃ,
200 638 246 694 καί
262 640 378 710 μάλιστα
403 635 466 712 περὶ
490 639 540 693 τοῦ
563 637 722 742 τιμήματος,
751 641 866 709 πηλίκον

100 722 173 779 ἔσται
186 723 365 823 τόμίγεθος,
391 724 499 794 ἐπιμελή
525 722 684 795 ποιούμενοι
710 722 866 793 ζήτησιν*
839 744 866 778 οι

100 809 149 880 μὲν
164 794 214 862 οδν
236 805 416 880 χαλεπώτεροι
443 808 491 871 τάς
514 804 607 878 φήσεις
619 805 664 862 ἐπί
688 809 718 863 τό
737 810 826 880 μεῖζόν
840 828 866 863 τε

100 913 148 947 και
139 886 377 968 φοβεράτερον“
357 911 466 948 απαντα
477 891 567 947 ταῦτα
574 892 704 966 προάγειν
717 889 866 995 παρήνοιν·

101 970 171 1032 οἶδ’
185 974 371 1050 ἐπιεικέστεροι
390 971 552 1032 τοδναντίσν
577 975 620 1031 ἐπί
634 976 665 1030 τό
670 976 865 1081 μετριώτερον

102 1081 150 1116 και
140 1059 436 1136 φιλανθρωπότερον
460 1059 517 1118 δδί
541 1060 639 1128 ταδτης
664 1059 811 1133 ηγουμειος
822 1065 866 1131 της

102 1145 208 1220 γνώμης
222 1144 266 1201 καί
288 1146 382 1208 πείσας
409 1139 509 1206 αὖτοὺς
534 1165 568 1210 ην
578 1145 701 1210 Σικκεος,
733 1144 825 1209 δτοὺς
839 1149 866 1200 ἐν

103 1251 136 1301 τῳ
125 1228 231 1330 δήμρι
250 1229 319 1330 περὶ
350 1232 395 1298 τής
422 1228 581 1302 κληρουχίας
611 1227 727 1284 διελθὼν
760 1229 865 1302 λόγοις.

101 1285 174 1376 ἔδοξε
164 1308 216 1367 δ’
231 1301 399 1380 σόναδτοῒς,
429 1313 460 1367 τό
478 1313 526 1384 μὲν
545 1307 610 1367 αλλο
623 1313 779 1379 πληθος
746 1332 796 1368 των
809 1335 865 1369 πα

101 1398 210 1471 τρικίωυ
224 1397 311 1462 ἐάσαι,
325 1397 410 1452 Κλοιλ
414 1395 471 1460 ίους
485 1395 521 1462 δὲ,
536 1395 582 1451 καί
578 1398 805 1500 Ποστουμίους
820 1396 864 1454 καί

103 1481 326 1601 Σεμγρωνίουςί
327 1481 358 1537 πί
385 1483 432 1536 τόν
459 1474 590 1553 δήμον”
570 1500 660 1551 αγειν,
689 1469 725 1536 οἷν
745 1480 862 1584 εἰτραξαι

102 1565 247 1637 ὑφέξοντας
260 1565 348 1630 δίκας·
371 1568 491 1639 ἐγκαλεῖν
506 1559 533 1619 δ’
554 1561 653 1629 αὐτοῖς,
669 1561 712 1620 ὅτι
725 1567 777 1622 τῶν
790 1565 865 1643 ἱερῶν

101 1653 201 1723 νόμων,
227 1644 274 1714 οὓς
293 1649 417 1726 περὶτῶν
439 1648 580 1723 δημάρχων
602 1648 760 1723 ἐκάρωσεν
746 1674 763 1720 η
777 1652 866 1723 βουλή

101 1736 145 1791 καί
158 1735 174 1791 6
189 1734 282 1807 δήμος,
291 1731 388 1790 οδθενί
402 1732 554 1788 δεδωκότων
567 1736 692 1799 ἐξουσίαν
705 1731 865 1808 ἀναγκάζειν

101 1821 162 1884 τοὺς
197 1819 350 1892 δημάρχους
383 1816 523 1887 δπαμὲνειν
555 1839 581 1872 τι
612 1821 664 1873 τῶν
691 1816 864 1892 άβουλήτων,

101 1900 188 1978 ὥσπερ
202 1903 265 1967 τούς
276 1900 373 1964 άλλσυς
386 1903 504 1967 πολίτας,
521 1904 614 1956 ἐκεῖνοι
628 1904 803 1971 κατασχόντες
817 1901 866 1959 αὖ·

101 1989 171 2059 τούς,
187 1984 299 2059 άγαγεῖν
313 1987 450 2041 ἐκώλυσαν
463 1983 507 2040 ἐπὶ
521 1987 593 2048 τέλος
606 1986 654 2053 τήν
673 1984 734 2060 περί
749 1991 797 2041 τοῦ
817 1990 860 2043 νό-

101 2091 155 2127 αου
169 2070 322 2144 διάγνωσιν.
347 2071 448 2141 τίμημα
464 2064 492 2124 δ’
505 2070 590 2139 ἐφάνη
605 2073 664 2134 ταῖς
677 2069 763 2133 δίκαις
776 2071 864 2145 ὁρίσαι

102 2157 164 2224 μήτε
178 2156 319 2220 θάνατον,
346 2155 412 2226 μ’τε
436 2155 534 2225 φυγήν,
559 2149 617 2223 μήτ’
632 2148 698 2208 ἄλλο
711 2156 864 2225 ἐπίφθονον

102 2239 202 2306 εεηθὲν,
223 2237 268 2293 ἵνα
282 2239 319 2311 μή
345 2176 417 2293 161¹
438 2232 531 2300 αὐτοῖς
554 2241 661 2310 γε’νηται
676 2240 806 2312 σωτηρίας
820 2242 863 2295 αἶ’-

103 2343 168 2389 τιον,
185 2320 253 2377 άλλά
268 2332 314 2389 τάς
327 2319 421 2385 οὐσίας
435 2316 525 2377 αιἰτῶι
539 2320 612 2394 ἱεράς
626 2314 693 2378 εἶναι
707 2322 850 2400 Δήμητρος

103 2410 133 2463 τό
146 2408 326 2480 μετριώτατον
339 2408 478 2477 κλεξαμει
479 2426 518 2471 αις
535 2426 583 2459 του
569 2406 727 2506 ιόμου’
693 2428 780 2510 μερος,
806 2409 854 2483 ίγί·

104 2511 163 2546 ιετσ
178 2491 334 2557 ταῦτακαὶ
347 2494 437 2566 πυρήν
451 2510 466 2546 ο
458 2489 588 2565 ε’χρόνος,
600 2477 656 2547 ἐν
643 2512 663 2546 ω
677 2494 728 2556 τάς
740 2494 815 2547 κατα
826 2509 881 2542 τοι

91 2570 199 2645 αἰδροίι
218 2573 274 2629 εδει
288 2581 488 2636 συιτελεισθαε
518 2578 609 2646 δίκας.
639 2571 744 2643 τοιςδ
776 2572 911 2629 6516ka
