1928 2954
10 194 19 265 ²,
144 160 568 239 Απτιηνιτιπιαποιεεα.
576 172 642 224 ιιι.
659 172 707 225 ιιι.
767 177 819 234 ιιι

10 272 141 339 δόξαν
158 267 270 345 ἀγαθήν
289 272 443 334 ἐξοίσεσθαι
455 273 552 346 ἔμελλε.
577 272 625 331 καλ
636 278 671 333 τά
689 268 801 333 ἀλλα
769 295 818 346 μιν

61 352 156 422 αύτδν,
180 349 225 411 οἷα
241 354 320 430 ύβρύζ
318 375 390 419 οντες
403 377 438 428 τῳ
427 353 562 456 ύηγεμόνι
576 357 716 423 διετέλουν,
729 357 819 431 ἐκελνη

61 458 88 495 τι
99 427 180 505 ἧττον
194 425 328 513 λσπηρα·’
313 459 360 510 ην,
374 438 423 495 καὶ
434 462 466 514 ιη
456 440 554 496 πόλει
567 441 671 514 βλάβης
689 435 723 495 ού
735 441 818 512 μεγά-

58 524 103 593 λης
116 514 194 586 ἀξια·
213 514 271 577 οἷον
286 519 314 576 δι’
326 523 492 586 τελευτῶντες
504 525 690 600 ἐξειργάσαντο
696 565 706 596 ,
723 521 817 578 νλνδυ-

59 624 104 661 ναν
116 623 151 661 ου
141 599 293 678 μικρόν”
274 623 374 679 ηνεγκε,
390 624 436 661 και
426 604 549 686 πολλὴν
561 603 723 679 αύσγύνην
703 607 816 678 αμφοῖν.

57 688 197 790 γενομένης
208 687 261 762 γάρ
274 688 442 760 παρατάξεως
455 693 482 744 ἐν
496 710 531 762 τρι
516 689 641 762 ἰμεταξύ
654 691 705 745 τῶν
718 691 818 788 Mem:

56 766 96 843 ἐφ’
112 763 154 835 οἷς
166 757 235 838 ησαν
248 769 516 844 ἐστρατοπεδευκότες
528 769 684 846 ἀμφότεροι,
699 770 818 872 πόση
785 791 816 844 τη

55 874 113 927 νεαρ
109 847 265 928 ’λκατόροτν
279 853 398 925 δυνάμει,
422 857 508 912 πολλά
520 854 568 912 ειαύ
580 853 686 911 καλά’
670 876 735 930 εργα
748 851 817 909 ἀπο·

56 937 214 1006 δεεξάμενοε,
226 936 272 991 καὶ
287 937 347 1001 τούς
361 939 504 1012 πολεμίους
521 934 721 1011 ἀναγκάσαντες
738 934 817 1012 ἄρξαι

46 1022 155 1093 ΙΙφυγῆς,
175 1012 232 1074 οὔτ’
244 1016 438 1089 ἠκολούθησαν
450 1017 576 1089 ἀπιούσι,
600 1021 651 1077 τού
663 1023 815 1096 στρατηγοῦ

55 1104 144 1159 πολλοὶ
158 1101 320 1168 κελεύοντος,
335 1099 397 1158 ούττ
417 1105 625 1179 παραμείναντες
641 1106 815 1178 ἐκπολιορκῆ-

55 1206 103 1243 σαι
113 1184 162 1241 τύν
173 1185 278 1260 χάρακα
291 1182 438 1257 ἠθέλησαν,
465 1183 522 1242 ἀλλ’
536 1189 661 1249 ἐάσαντες
674 1184 763 1248 ἀτελές
776 1185 816 1262 ἐρ

54 1291 105 1344 γον
120 1271 210 1333 καλὸν,
236 1263 357 1342 ἀπῄεσαν
371 1265 407 1333 εύς
424 1269 472 1337 τὴν
485 1268 573 1326 αύτάν
596 1267 814 1341 στρατοπεδιέαν.

55 1352 280 1424 ἐπιχειρησάντων
294 1345 322 1405 δ’
336 1347 522 1426 αὐτοκράτορα
537 1353 584 1407 τόν
596 1346 701 1406 ὕπατον
714 1347 815 1423 ἀναγο·

55 1435 153 1510 ρεύσαύ
165 1455 251 1500 τινων,
279 1437 347 1507 μέγα
361 1434 539 1506 ἐμβοήσαντες
553 1433 655 1508 ἀθρόοι
680 1437 818 1498 κακόζουσε

56 1519 90 1591 τῇ
104 1537 131 1571 τε
146 1516 222 1590 φωνῇ
234 1518 281 1572 τόν
294 1513 420 1590 ἡγεμόνα,
431 1517 476 1572 καὶ
490 1518 646 1590 ἐλοιδόρουν
658 1514 692 1577 ὡς
706 1516 818 1579 πολλούς

55 1602 134 1672 σφῶν
151 1601 196 1656 καὶ
216 1597 343 1673 ἀγαθούς
367 1598 554 1657 ἀπολωλεκότα
569 1595 603 1654 δι’
629 1597 755 1671 ἀπειρίαν
769 1601 817 1653 τού

55 1686 229 1756 στρατηγεῖν·
253 1682 298 1737 καὶ
312 1679 378 1756 άλλη
393 1687 478 1756 πολλῇ
500 1684 658 1756 βλασφημίᾳ
685 1682 730 1737 καὶ
743 1678 817 1754 ἀγα-

54 1767 182 1832 νακτὴσει
192 1767 363 1866 χρησάμενοι,
375 1765 445 1820 λύειν
457 1768 504 1820 τόν
514 1768 629 1867 χάρακα,
643 1764 688 1820 καὶ
702 1763 817 1836 ἀπάγειν

55 1850 129 1918 σηάς
144 1845 178 1912 εἰς
192 1870 240 1917 την
255 1851 333 1903 πόλιν
350 1847 394 1949 ηξύ
394 1869 452 1914 ουν,
479 1848 512 1914 ὦς
531 1845 579 1917 σύγ
598 1847 706 1911 ἱκανούς
724 1850 817 1920 ἐσομέ-

57 1951 131 2011 νους,
145 1933 217 1986 λεύκ’
204 1932 314 1986 επίωσιν
335 1951 361 1985 οι
351 1930 510 2003 πολέμιοι,
532 1931 688 2005 δευτέρανῐ
675 1934 818 2004 υπομεῖναι

57 2014 155 2086 μάχην.
182 2013 227 2070 καὶ
253 2009 314 2068 σύτε
337 2014 579 2085 μεταδιδάσκοντος
604 2015 747 2070 ἐπείθοντο
769 2014 817 2067 τού

58 2093 202 2169 ηγεμόνος
218 2091 275 2152 οὔτ’
293 2093 493 2171 ὀλοφυρομένου
508 2097 553 2154 καὶ
574 2096 736 2158 ύκετεύοντος
754 2095 817 2151 ἐπα·

58 2183 124 2249 σχόν
138 2201 164 2235 τι
177 2182 244 2253 πρός
256 2181 303 2244 τάς
320 2178 480 2248 δεήσεις,
453 2177 508 2235 οὔτ’
529 2179 637 2244 ἀπειλάς
655 2178 700 2233 καὶ
720 2176 817 2233 ἀνατα-

58 2283 127 2336 σεις,
147 2262 228 2317 ὁπότε
254 2261 299 2317 καὶ
324 2263 433 2326 ταύταις
456 2264 594 2336 χρήσαιτο,
619 2258 653 2316 δι’
679 2257 817 2326 εύλαβείας

57 2347 219 2418 ἐλάμβανον,
235 2344 302 2400 ἀλλα
316 2345 383 2417 πρὸς
396 2342 505 2400 ἀπαντα
518 2347 709 2418 τραχυνόμενοι
721 2346 815 2406 ταῦτα,

59 2429 189 2497 διέμενον.
201 2428 319 2497 τοσαύτη
335 2425 357 2482 δ’
371 2427 486 2503 άναρχέα
498 2427 543 2484 καλ
557 2429 750 2499 καταφρόνησις
766 2427 816 2479 τού

59 2508 189 2585 ἡγεμόνος
207 2513 289 2567 πᾶσιν
303 2514 329 2574 ἐξ
340 2507 428 2565 αύτῶν
442 2513 569 2586 παρέστη,
585 2505 650 2566 ὥστε
664 2507 725 2586 περὶ
738 2511 821 2582 μύσας

51 2595 362 2658 νάνεαςίξαναστάντες,
385 2596 430 2660 τούς
451 2616 478 2652 τε
492 2599 596 2661 σκηνάς
614 2594 713 2667 ἐ’λυσν,
739 2591 840 2654 καὶτὸ.
